2528 3474
471 144 541 182 aare
560 144 662 182 nauca
937 136 967 187 71

119 271 284 339 exspectatis
297 270 332 322 ad
349 270 545 338 amplissimam
564 271 728 340 dignitatem
750 274 883 326 fratribus
905 277 969 340 tuis,

120 358 222 426 Scipio,
233 362 349 408 mortem
363 359 439 409 omui
452 358 537 410 aetati
550 376 609 410 esse
623 377 803 411 communem.
827 363 866 412 At
879 369 971 429 sperat

121 446 280 498 adolescens
293 445 341 496 diu
360 463 389 496 se
402 447 555 498 victurum:
575 447 650 514 quod
664 465 773 514 sperare
793 449 866 500 idem
885 467 970 502 senex

122 550 178 584 uon
191 536 289 600 potest.
330 532 500 599 Incipienter
517 539 615 600 sperat.
656 533 730 596 Quid
750 536 824 586 euim
845 537 968 605 stultius,

121 639 205 688 quam
218 621 324 672 incerta
337 638 386 687 pro
399 621 482 672 certis
495 620 606 686 habere,
621 620 690 673 falsa
700 639 750 689 pro
763 622 854 674 veris?
881 623 973 675 Senex

122 726 157 759 ne
170 708 245 775 quod
258 714 350 775 speret
363 708 475 775 quidem
489 708 588 761 habet:
607 713 636 760 at
658 715 700 760 est
722 727 753 761 eo
775 709 887 762 meliore
909 729 972 763 con-

122 796 228 846 ditione
241 814 323 864 qnam
337 796 504 859 adolescent,
520 814 607 864 quum
620 797 657 862 id,
670 797 745 866 quod
758 798 805 849 ille
819 805 918 866 sperat,
929 799 973 851 hic

122 879 203 950 [jam]
216 889 379 933 consecutus
393 887 447 932 est:
463 882 510 933 ille
524 883 584 933 vult
597 882 645 933 diu
659 884 759 947 vivere,
772 885 817 936 nic
830 885 878 936 diu
891 886 969 937 vixit.

123 969 305 1038 Quamquam,
323 988 339 1020 o
359 969 406 1020 Dii
420 969 502 1020 boni!
522 969 590 1036 quid
604 970 687 1020 estin
704 971 824 1022 hominis
836 972 894 1023 vita
907 973 974 1024 diu?
986 971 1021 1024 69

123 1055 166 1106 Da
188 1059 262 1108 enim
284 1074 443 1123 supremum
469 1062 592 1123 tempus3
613 1064 802 1124 exspectemus
825 1059 974 1111 Tzirtessio-

124 1160 185 1195 rum
197 1145 268 1212 regis
281 1149 416 1196 aetatem:
436 1144 489 1195 luit
513 1145 595 1207 cuim,
612 1151 644 1195 ut
665 1145 798 1212 scriptum
819 1147 906 1212 video,
923 1149 975 1199 Ar-

123 1231 291 1298 ganthonius
314 1231 425 1298 quidam
458 1230 590 1295 (liuilibua
616 1233 664 1298 qui
689 1237 829 1299 octogtnta
850 1234 977 1301 regnavit

124 1333 218 1381 annos,
234 1321 347 1368 centum
360 1321 388 1367 et
401 1316 500 1383 viginti
521 1317 590 1366 vixit
621 1317 669 1368 sed
683 1318 751 1368 milii
764 1336 799 1370 re
812 1319 976 1371 diuturnum

124 1405 237 1474 quidem
258 1405 409 1474 quidquam
433 1405 551 1469 videtur,
569 1405 603 1460 in,
618 1421 672 1472 quo
695 1412 736 1456 est
759 1407 864 1474 aliquid
886 1413 976 1459 extre-

125 1511 209 1548 mum.
248 1491 339 1555 Quum
353 1493 426 1544 enlm
440 1493 468 1544 id
485 1493 608 1557 advenit,
623 1499 690 1544 tunc
711 1493 789 1559 illud,
804 1496 880 1563 qued
901 1512 976 1563 prae·

125 1581 210 1641 teuit,
227 1580 351 1632 effluxit:
370 1586 481 1632 tantum
500 1585 634 1645 remanet,
650 1581 724 1648 quod
744 1582 848 1633 virtute
862 1586 890 1634 et
903 1590 977 1634 rcctc

125 1668 205 1720 factis
218 1673 383 1720 consecutus
395 1668 439 1719 sis.
480 1666 574 1718 Horae
593 1668 706 1735 quidem
720 1668 769 1719 ced
782 1675 822 1720 int
836 1675 864 1720 et
877 1669 936 1721 dies
949 1674 978 1721 et

126 1772 233 1807 menses
246 1759 275 1805 et
292 1755 373 1808 anni:
394 1773 444 1806 nec
464 1757 646 1821 praeteritum
668 1760 777 1823 tempus.
800 1774 922 1825 unquam
936 1775 976 1810 re·

126 1841 252 1906 vertitur,
269 1858 319 1893 nec
332 1840 399 1908 quid
413 1848 545 1909 sequatur
558 1841 626 1892 scire
645 1846 744 1908 potest.
785 1842 866 1905 Quod
878 1843 978 1911 cuique

126 1929 259 1997 temporis
271 1928 305 1979 ad
319 1928 470 1979 vivendum
484 1927 574 1993 datur,
591 1945 624 1980 eo
637 1928 721 1980 debet
740 1946 798 1980 esse
818 1935 966 1981 contentus

126 2015 225 2086 Neque
238 2017 312 2068 enim
325 2015 454 2067 histrioni
469 2021 500 2066 ut
513 2015 620 2082 placeat
638 2018 794 2083 peragenda
807 2016 901 2068 fabula
914 2022 956 2069 est
969 2038 975 2079 ;
990 2018 1024 2075 70

127 2103 217 2169 modo,
233 2103 263 2154 in
275 2120 441 2172 quocunque
454 2103 540 2155 fuerit
552 2109 616 2156 actu
629 2104 777 2171 probetur:
798 2121 848 2156 nec
861 2105 980 2172 sapienti

128 2192 261 2260 usquead
275 2190 403 2243 Plaudite
421 2191 573 2242 vivendum
587 2196 636 2243 est.
677 2190 767 2243 Breve
780 2192 853 2243 enim
868 2197 978 2259 tempus

127 2281 229 2347 aetatis¹
249 2280 316 2330 satis
338 2285 380 2330 ost
404 2278 517 2346 longum
539 2278 574 2330 ad
598 2279 669 2331 bene
688 2279 860 2348 honesteque
885 2281 978 2332 viven-

128 2368 208 2420 dum:
229 2368 271 2418 sin
285 2367 449 2434 processeris
462 2367 579 2434 longius,
592 2384 650 2419 non
663 2368 748 2431 magis
762 2367 911 2418 dolendum
926 2373 975 2421 cst.

128 2473 211 2525 quam
223 2455 358 2522 agricolae
371 2455 466 2507 dolent
486 2455 637 2522 praeterita
648 2455 727 2507 verni
746 2455 878 2522 temporis
891 2455 980 2506 suavi·

128 2548 187 2594 tate
224 2546 358 2594 aestatem
385 2546 606 2610 autumnumque
637 2542 751 2593 venisse.
817 2540 876 2592 Ver
906 2541 979 2592 enim

128 2636 269 2699 tamquam
288 2629 501 2682 adolescentiam
520 2630 654 2697 significat
678 2629 855 2698 ostenditque
873 2630 981 2681 fructus

129 2718 253 2770 futuros:
273 2716 380 2784 reliqua
397 2721 523 2784 tempora
536 2715 709 2767 demetendis
729 2715 867 2767 fructibus
880 2721 908 2766 et
921 2733 980 2782 per-

129 2802 264 2871 cipiendis
275 2803 481 2856 accommodata
492 2808 565 2854 sunt.
606 2801 726 2854 Fructus
743 2808 838 2854 antem
857 2807 983 2855 senectu·
994 2803 1025 2857 71

129 2889 167 2943 tia
179 2894 230 2955 est,
245 2893 277 2942 ut
291 2906 371 2958 saepe
384 2889 451 2956 dixi,
466 2895 532 2942 ante
544 2894 685 2956 partorum
699 2889 835 2942 bonorum
849 2892 980 2942 memoria
