2528 3474
224 178 259 232 62
530 192 600 230 curo
619 192 722 230 usion

225 317 387 387 Cethegum,
404 335 487 387 quem
500 322 575 370 recte
588 317 696 370 dandae
707 319 854 370 medullam
872 318 944 371 dixit
958 319 1076 385 Ennius,

223 410 329 475 quanto
342 404 435 456 studio
449 404 571 456 exerceri
591 405 619 455 in
633 405 751 456 dicendo
765 405 927 457 videbamus
941 408 1025 458 etium
1038 425 1077 459 se-

224 495 306 545 nem!
343 492 419 555 Quae
442 498 507 542 suut
528 491 615 559 igitur
636 491 779 558 epularum
805 499 854 544 aut
878 493 1008 544 ludorum
1030 500 1078 546 aut

224 584 377 632 scortorum
391 579 547 646 voluptates
567 595 628 629 cum
651 578 694 629 his
707 578 898 646 voluptatibus
918 598 1076 649 comperan-

224 668 295 719 dee?
331 668 424 734 Atque
439 667 507 718 haec
522 666 636 735 quidem
649 666 742 717 studia
755 667 914 718 doctrina-e:
935 686 1006 736 quae
1018 670 1077 738 qui-

224 754 287 806 dem
299 753 486 821 prudentibus
499 757 527 804 et
540 753 611 805 bene
624 753 762 804 institutis
779 754 883 820 pariter
903 771 964 805 cum
986 760 1078 808 aetate

223 847 367 902 crescunt,
387 844 419 891 ut
431 840 580 891 honestum
599 839 668 891 illud
688 839 796 892 Solonis
809 841 853 906 sit,
870 841 945 909 quod
965 843 1006 894 ait
1018 861 1077 896 ver-

224 928 310 979 siculo
323 927 452 994 quodam,
469 931 500 976 ut
513 931 579 977 ante
592 926 660 991 dixi,
675 944 819 978 senescere
832 945 861 978 se
874 927 962 980 multe
974 930 1004 980 in
1017 930 1076 982 dies

224 1015 431 1067 addiscentem:
451 1030 506 1081 que
527 1013 671 1081 voluptate
693 1014 777 1064 animi
801 1014 879 1065 nulla
898 1019 973 1067 certe
984 1022 1078 1083 potest

225 1118 284 1154 esse
298 1101 394 1168 major.

594 1255 657 1309 XV.

227 1433 279 1487 rue
291 1433 381 1488 varied
389 1432 513 1500 parasita
525 1431 582 1484 aad
588 1431 723 1498 plaustum
732 1432 763 1498 of
771 1451 789 1483 a
800 1434 910 1498 rotcutry
923 1431 975 1500 h'se.
1011 1433 1078 1488 (loto

260 1506 387 1626 ppfgreslpp
395 1502 585 1625 Βῖζὲἒιέἔέωιά
606 1501 707 1553 Hesctd
731 1503 787 1553 aad
812 1506 838 1555 to
857 1504 897 1554 las
917 1521 977 1555 ewa
996 1506 1073 1571 werla

180 1718 212 1768 51
260 1714 352 1767 Venio
381 1731 457 1766 nunc
492 1713 529 1766 ad
559 1712 717 1780 voluptates
753 1713 942 1781 agricolarum,
976 1717 1078 1785 quibus

225 1820 275 1871 ego
288 1800 490 1854 incredibiliter
503 1800 641 1852 delector:
662 1817 734 1868 quae
747 1817 798 1853 nec
811 1800 868 1852 ulla
887 1801 1078 1869 impediuntur

225 1893 369 1942 senectute
382 1887 493 1940 etmihi
506 1886 541 1939 ad
554 1885 689 1954 sapientis
706 1886 793 1939 vitem
806 1888 931 1955 proxime
946 1890 1078 1943 videntur

224 1977 360 2030 secedere.
409 1975 525 2028 Habent
549 1974 623 2026 enim
648 1974 784 2026 rationem
810 1992 872 2026 cum
896 1980 979 2039 terra,
1006 1989 1077 2046 quae

225 2083 368 2134 nunquam
387 2052 496 2116 recuset
517 2063 674 2130 imperium,
701 2080 750 2114 nec
772 2080 893 2130 uuquam
913 2064 973 2118 sine
995 2058 1078 2120 usura

225 2152 325 2217 reddit,
341 2151 416 2219 quod
433 2149 547 2217 accepit,
563 2149 611 2200 sed
630 2148 696 2200 elias
715 2150 830 2214 minore,
846 2150 1009 2221 plerumque
1022 2171 1076 2206 me-

225 2241 285 2309 jore
298 2256 360 2290 cum
373 2239 478 2290 fenore.
518 2236 692 2303 Quamquam
706 2253 749 2287 me
762 2237 876 2304 quidem
895 2255 952 2290 nou
969 2240 1077 2293 fructus

225 2327 316 2390 modo,
332 2325 380 2377 sed
394 2325 480 2376 etiam
493 2324 579 2390 ipsius
599 2327 689 2374 terrae
709 2323 751 2372 vis
773 2340 804 2374 ac
825 2328 925 2375 natura
946 2325 1072 2379 delectat.

226 2414 311 2479 Quae,
326 2430 413 2481 ‹puum
424 2411 529 2479 gremio
543 2409 650 2461 mollito
663 2426 694 2460 ec
712 2409 826 2462 subacto
845 2427 970 2477 sparsum
982 2429 1077 2467 semen

226 2499 343 2567 excepit,
359 2499 478 2566 primum
491 2496 519 2547 id
533 2500 708 2548 ocooecatum
720 2495 840 2561 cohibet,
852 2513 886 2548 ex
896 2514 951 2566 quo
961 2501 1074 2564 occatio,

225 2605 296 2657 quae
308 2587 361 2638 hoc
378 2585 469 2650 efficit,
486 2583 631 2635 nominata
650 2587 709 2636 est:
730 2582 831 2635 deinde
849 2586 1019 2652 tepefactum
1032 2607 1077 2642 va-

225 2694 292 2746 pore
305 2679 334 2727 et
346 2690 505 2741 compressu
518 2689 568 2724 suo
581 2670 703 2722 diffindit
722 2675 750 2723 et
770 2671 845 2722 elicit
867 2672 1078 2731 herbescentem

226 2781 260 2816 ex
282 2780 314 2815 eo
333 2759 521 2812 viriditatem:
547 2774 618 2826 quae
638 2757 706 2808 nire
725 2756 803 2808 fibris
824 2758 955 2826 stirpium
976 2765 1079 2818 sensim

226 2847 359 2902 adolescit
371 2845 517 2914 culmoque
529 2848 622 2896 erecta
640 2843 796 2913 geniculato
810 2845 916 2912 vaginis
929 2847 987 2915 jum
999 2853 1078 2919 quasi

227 2937 379 3008 pubescens
398 2931 570 2985 lncluditur:
591 2931 720 3001 equibus
741 2948 828 3002 quum
850 2936 963 2987 emersit
984 2937 1079 2993 tundit
