2528 3474
646 201 718 242 mro
737 201 842 241 MAJOB.

694 461 793 515 ΧΧΠ.

481 601 535 655 rue
547 600 629 670 dpt'uq
640 603 728 655 words
740 602 772 669 of
782 600 866 670 (aprus
878 603 920 655 tlte
932 602 1009 656 elder.

295 759 329 816 79
376 759 461 826 Apud
485 759 705 828 Xenophontem
729 765 824 812 autem
848 761 970 812 moriens
995 760 1083 827 Cyrus
1105 760 1194 828 major

342 847 409 899 haee
434 846 516 900 dicit:
546 846 671 899 “Nolite
695 847 832 912 arbitrari,
850 865 866 898 o
889 846 957 898 mihi
979 846 1112 898 carissimi
1133 845 1191 911 tilii,

340 951 384 986 me
408 952 494 1003 quum
519 951 535 986 a
560 933 638 985 vobis
666 933 818 986 discessero
848 951 986 1002 nusquam
1011 939 1059 985 aut
1084 933 1194 984 nullum

340 1020 406 1072 iore.
447 1020 506 1073 Nec
520 1021 594 1072 enim
608 1019 677 1072 dum
696 1037 771 1071 eram
790 1020 932 1072 vobiscum
955 1020 1077 1071 animum
1101 1037 1194 1070 meum

341 1107 497 1170 videbatis;
514 1108 564 1160 sed
586 1125 650 1160 eum
673 1125 733 1159 esse
755 1107 785 1158 in
806 1107 858 1159 hoo
877 1124 991 1174 corpore
1004 1125 1039 1159 ex
1052 1107 1086 1158 iis
1099 1107 1191 1169 rebus,

340 1212 408 1263 quas
422 1195 560 1262 gerebam,
576 1194 783 1262 intelligebatis.
824 1194 953 1247 Eundem
966 1195 1052 1261 igitur
1064 1211 1123 1245 esse
1137 1212 1193 1246 cre-

293 1283 437 1346 auditote,
454 1283 537 1336 etiam
550 1284 573 1335 si
586 1283 696 1336 nullum
709 1282 849 1335 videbitis.
888 1283 915 1334 N
917 1301 947 1334 ee
970 1300 1035 1334 vero
1056 1282 1193 1334 clarorum

339 1371 462 1422 virorum
479 1376 543 1438 post
567 1375 685 1422 mortem
709 1370 829 1422 honores
854 1373 1059 1437 permanerent,
1080 1369 1103 1420 si
1122 1370 1192 1420 nihil

340 1475 436 1509 eorum
448 1458 571 1525 ipsorum
584 1457 670 1508 animi
684 1455 825 1509 efficerent
843 1474 898 1524 quo
912 1455 1018 1508 diutius
1032 1455 1192 1508 memoriam

339 1546 381 1597 sui
394 1551 561 1597 teneremus.
603 1545 677 1596 Mihi
690 1543 803 1613 quidem
815 1561 960 1611 nunquam
973 1543 1133 1611 persuaderi
1145 1561 1193 1610 po-

339 1632 403 1696 tuit,
427 1633 547 1695 animos,
568 1632 634 1683 dum
660 1632 689 1682 in
714 1630 875 1698 corporibus
900 1635 992 1683 essent
1017 1631 1189 1696 mortalibus,

337 1720 430 1771 vivere
441 1738 448 1782 ;
467 1737 554 1786 quum
567 1720 690 1772 exissent
703 1735 738 1770 ex
751 1719 790 1770 eis
803 1719 904 1771 emori:
918 1737 969 1771 nec
982 1736 1048 1770 vero
1061 1724 1121 1770 tum
1134 1721 1191 1771 ani-

339 1825 415 1858 mum
429 1825 487 1859 esse
501 1807 680 1874 insipientem
693 1823 779 1874 quum
793 1824 827 1857 ex
846 1807 990 1874 insipienti
1003 1824 1116 1873 corpore
1130 1826 1191 1860 eva-

254 1943 256 1948 .
338 1895 438 1956 sisset;
457 1893 506 1945 sed
526 1911 612 1961 quum
626 1893 699 1945 omni
723 1893 895 1945 admixtione
914 1894 1035 1960 corporis
1057 1893 1191 1947 liberatus
1261 1941 1263 1944 Α

321 1967 425 2050 ¹purus
446 1986 475 2035 et
496 1982 606 2048 integer
629 1999 688 2033 esse
708 1981 842 2047 coepisset
864 1988 925 2033 tum
945 1999 1003 2033 esse
1025 1982 1186 2049 sapientem.

341 2070 434 2134 Atque
448 2067 531 2118 etiam
545 2084 631 2135 quum
644 2066 766 2118 hominis
787 2072 887 2118 natura
909 2072 999 2118 morte
1018 2066 1186 2133 dissolvitur,

338 2162 493 2208 ceterarum
506 2172 598 2207 rerum
618 2155 795 2222 perspicuum
817 2159 859 2206 est
880 2172 935 2223 quo
956 2172 1082 2223 quaeque
1104 2155 1190 2210 disce-

339 2245 428 2306 dant3
448 2244 554 2296 abeunt
567 2243 642 2295 enim
664 2242 731 2294 illue
743 2243 837 2294 omnia
850 2244 924 2295 unde
946 2248 1007 2295 orta
1027 2250 1113 2297 sunt:
1132 2247 1190 2300 ani.-

337 2351 399 2385 mus
420 2336 514 2383 autem
537 2329 612 2381 solus
634 2348 684 2382 nec
706 2347 793 2398 quum
812 2329 891 2382 adest
910 2348 960 2382 nec
973 2349 1059 2399 quum
1073 2331 1190 2386 discedit

291 2422 324 2474 81
337 2422 459 2487 apparet.
500 2416 520 2468 J
521 2434 566 2468 am
579 2433 645 2468 vero
658 2416 760 2468 videtis
772 2416 843 2468 nihil
862 2434 921 2469 esse
934 2418 1018 2469 morti
1031 2423 1088 2469 tam
1101 2420 1191 2472 simile

336 2523 420 2575 quam
445 2520 581 2555 somnum.
622 2502 711 2570 Atqui
736 2503 935 2554 dormientium
961 2505 1047 2556 animi
1072 2506 1191 2559 maxime

337 2591 479 2655 declarant
492 2588 670 2640 divinitatem
683 2605 776 2639 suam:
795 2587 884 2639 multa
896 2589 969 2639 enim
983 2607 1070 2656 quum
1083 2590 1192 2642 remissi

337 2685 366 2732 et
378 2677 459 2730 liberi
478 2682 544 2728 sunt
557 2677 653 2727 futura
665 2674 846 2742 prospiciunt.
887 2675 931 2727 Ex
949 2694 1004 2743 quo
1023 2676 1192 2745 intelligitur

336 2766 433 2837 quales
447 2765 536 2817 futuri
548 2765 606 2816 sint
618 2780 705 2833 quum
718 2780 748 2814 se
760 2762 843 2830 plane
865 2764 987 2831 corporis
1009 2764 1127 2818 vinculis
1149 2784 1190 2820 re-

337 2852 499 2907 laxaverint.
539 2850 640 2916 Quare,
655 2850 678 2903 si
699 2850 766 2902 haec
779 2850 819 2902 ita
831 2856 898 2903 sunt
918 2851 958 2904 sio
976 2869 1020 2904 me
1033 2853 1146 2906 nolitote
1159 2862 1191 2908 ut

337 2943 435 2995 deum:
457 2942 500 2993 sin
525 2957 581 2992 una
604 2943 647 2991 est
667 2938 834 2990 interiturus
855 2938 965 2991 animus
982 2955 1046 2992 oum
1065 2957 1188 3011 corpore,
