2528 3474
328 181 363 230 44
633 196 704 234 ciro
723 196 821 234 nisos

327 324 508 375 senectutem.
558 321 619 376 Nec
639 328 734 376 tamen
758 339 855 375 omnes
873 326 991 391 possunt
1014 338 1075 374 esse
1093 319 1181 388 Scipi-

327 425 395 461 ones
425 414 475 462 aut
507 409 633 474 Maximi,
670 415 701 462 ut
739 411 852 462 urbium
892 410 1120 477 expugnationes,
1148 412 1181 460 ut

327 497 469 565 pedestres
481 497 629 550 navalesve
647 515 763 566 pugnas,
778 502 810 549 ut
829 497 902 549 bella
914 515 930 548 a
943 515 972 549 se
984 502 1069 565 geste,
1086 501 1119 549 ut
1131 497 1180 549 tri-

328 585 446 653 umphos
467 585 656 637 recordentur.
717 585 769 636 Est
791 585 876 637 etiam
895 586 990 653 quiete
1010 590 1038 638 et
1057 602 1127 653 pure
1151 589 1180 637 et

327 672 469 740 eleganter
480 677 557 724 actae
570 672 669 724 aetatis
688 672 796 740 placide
813 690 844 724 ac
863 672 935 725 lenis
945 677 1074 725 senectus
1088 692 1095 736 ;
1113 690 1178 741 qua-

326 759 381 810 lem
399 759 554 826 accepimus
574 758 709 822 Platonis,
725 759 774 826 qui
793 776 848 810 uno
870 763 900 811 et
920 760 1088 827 octogesimo
1105 777 1179 811 anno

327 847 449 898 scribens
472 852 514 898 est
534 851 679 909 mortuus;
699 847 809 915 qualem
828 846 967 913 Isocratis,
991 848 1041 916 qui
1062 865 1126 899 eum
1147 848 1178 898 li-

326 937 415 1001 brum,
432 937 480 1005 qui
502 935 718 987 Panotlacnnicns
736 935 906 1000 inscribitur,
925 942 1025 1004 quarto
1045 941 1073 988 et
1093 954 1178 989 nona—

325 1024 429 1092 gesimo
441 1040 515 1075 anno
528 1023 668 1089 scripsisse
681 1040 709 1073 se
722 1022 789 1074 dicit
809 1023 935 1091 vixitque
956 1023 1178 1093 quinquennium

325 1115 438 1179 postea:
458 1110 539 1178 cujus
557 1109 688 1177 magister
706 1108 860 1161 Leontinus
879 1108 994 1177 Gorgias
1016 1116 1128 1164 centum
1150 1120 1179 1165 et

325 1204 432 1266 septem
444 1196 593 1265 complevit
612 1214 699 1248 annos
718 1214 808 1265 neque
823 1212 943 1265 unquam
962 1198 991 1248 in
1013 1217 1063 1250 sno
1084 1201 1178 1252 studio

325 1293 409 1354 atque
430 1303 513 1353 opere
530 1285 654 1336 cessavit.
696 1283 759 1349 Qui,
784 1302 870 1352 quum
892 1302 976 1337 exeo
997 1294 1178 1355 quaereretur

325 1393 374 1427 cur
386 1374 493 1426 tamdiu
503 1372 588 1426 vellet
600 1389 659 1424 esse
672 1374 702 1423 in
715 1372 789 1424 vita:
809 1372 879 1424 ¹nihil
891 1373 980 1438 liabeo,
995 1375 1096 1444 inquit,
1109 1378 1178 1444 qnod

325 1480 442 1515 oscinem
461 1464 622 1513 senectutem,
664 1459 841 1511 Praeclarum
860 1477 1024 1527 responsum
1046 1468 1074 1515 et
1096 1464 1177 1516 docto

279 1552 313 1602 14
324 1550 437 1602 homine
450 1549 565 1615 dignum
580 1549 585 1599 t
622 1546 679 1598 Sua
692 1546 766 1597 enim
779 1547 848 1598 vitia
867 1547 1030 1615 insipientes
1049 1554 1078 1602 et
1099 1569 1175 1604 suam

324 1636 433 1704 culpam
446 1636 475 1686 in
488 1639 659 1687 senectutem
674 1633 838 1697 conferunt;
851 1634 926 1702 quod
940 1652 996 1687 non
1009 1636 1129 1690 faciebat
1141 1640 1173 1707 is,

324 1724 405 1792 cujus
418 1722 500 1774 modo
513 1722 683 1774 mentionem
696 1720 760 1786 feci,
772 1719 895 1773 Ennius:

382 1842 458 1896 Siout
470 1842 554 1909 scitis
566 1859 653 1909 equus,
669 1842 758 1908 spat-io
769 1842 817 1908 qni
829 1859 903 1909 saepe
915 1860 1041 1912 supressa·

385 1929 458 1983 Vicit
472 1928 606 1995 Olympia,
623 1946 693 1980 nnnc
705 1928 777 1980 sertio
789 1928 916 1995 consecw'
929 1932 1046 1998 quiescit.

323 2054 397 2124 Equi
410 2052 491 2105 fortis
504 2055 533 2104 et
546 2051 659 2102 victoris
671 2051 810 2103 senectuti
823 2058 964 2119 comparat
978 2072 1073 2109 suam:
1092 2074 1176 2127 quem

322 2143 436 2213 quidem
448 2138 535 2209 probe
548 2137 706 2191 meminisse
725 2139 849 2206 potestis.
891 2141 974 2193 Anno
992 2142 1066 2196 enim
1089 2144 1176 2201 unde-

321 2229 451 2282 vicesimo
466 2231 530 2296 post
548 2226 609 2294 ejus
631 2230 748 2277 mortem
762 2226 789 2277 hi
804 2227 939 2293 consules,
954 2229 984 2281 T.
1001 2229 1176 2287 Flamininus

322 2324 350 2370 et
363 2317 410 2369 Μ’.
425 2316 542 2376 Acilius,
557 2314 623 2366 facti
636 2320 718 2365 sunt:
738 2313 785 2366 ille
797 2321 892 2367 autem
904 2315 1044 2383 Caepione
1056 2324 1085 2371 et
1097 2320 1175 2373 Phil-

322 2407 386 2474 ippo
399 2405 500 2455 iterum
514 2401 673 2454 consulibus
686 2406 812 2452 mortuus
824 2406 867 2453 est
878 2421 888 2464 ς,
902 2420 988 2470 quum
999 2421 1050 2471 ego
1061 2406 1175 2474 quidem

321 2498 380 2545 vet
398 2507 436 2543 ux
454 2508 541 2542 annos
560 2493 642 2540 natus
661 2487 751 2555 legem
768 2487 922 2541 Voconiam
942 2507 1042 2559 magna
1060 2510 1127 2547 voce
1146 2500 1175 2547 et

320 2581 401 2632 bonis
413 2578 547 2630 lateribus
560 2576 715 2628 suasissem.
750 2578 848 2627 Annos
860 2591 919 2629 Lxx
930 2583 1013 2631 nutus
1034 2584 1087 2633 not
1099 2582 1173 2635 enim

320 2669 391 2720 vixit
403 2666 524 2730 Ennius)
542 2665 583 2717 ita
594 2663 703 2716 ferebat
715 2663 779 2721 duo.
796 2681 868 2732 quae
887 2665 1008 2719 maxima
1027 2670 1172 2737 putentur,

320 2773 404 2810 onera
416 2757 609 2822 paupertatem
624 2755 653 2804 et
672 2755 852 2817 senectutem,
867 2757 899 2804 ut
917 2753 957 2806 eis
975 2771 1064 2821 paene
1085 2756 1174 2811 delec-

274 2849 307 2900 15
320 2843 373 2896 tari
386 2841 534 2893 videretur.
575 2838 689 2891 Etenim
701 2855 788 2907 quum
807 2840 980 2908 contemplor
991 2842 1085 2895 animo
1093 2850 1173 2913 quet·

319 2937 383 2985 tuor
407 2928 514 2999 reperio
539 2943 634 2978 causas
664 2943 713 2979 cur
739 2931 867 2978 senectus
898 2927 997 2981 misera
1027 2929 1173 2987 videatur:
