2528 3474
314 169 348 226 72
619 184 689 221 caro
710 183 811 221 natos.

312 331 341 380 et
354 327 439 395 copia.
481 327 582 380 Omnia
601 344 675 392 vero,
691 344 764 396 quae
778 327 931 380 secundum
943 331 1072 380 naturam
1084 327 1166 395 fiunt,

311 420 378 467 sunt
390 414 519 467 habenda
531 415 560 466 in
574 414 661 466 bonis.
695 414 769 477 Quid
783 420 826 466 est
839 419 933 466 autem
946 421 1003 466 tam
1016 415 1167 467 secundum

312 507 441 554 naturam
463 520 548 570 quam
573 501 686 554 senibus
712 502 819 553 emori?
836 502 911 570 quod
933 503 1007 554 idem
1032 504 1168 566 contingit

311 589 534 641 adolescentibus
547 590 712 641 adversante
722 595 750 640 ct
759 596 932 656 repugnante
943 595 1048 642 natura.
1068 591 1167 659 ltaque

310 676 500 728 adolescentes
525 675 596 726 mori
614 676 653 727 sic
678 675 747 726 mihi
761 675 902 742 videntur,
920 684 950 728 ut
971 695 1057 745 quum
1080 695 1167 745 aquae

312 765 495 817 multitudine
509 765 548 815 vis
562 763 688 815 flammae
698 765 879 831 opprimitur:
900 783 979 817 senes
992 771 1085 817 autem
1096 767 1167 818 sicut

311 871 361 905 sua
373 858 473 920 sponte
485 852 563 903 nulla
575 851 701 903 adhibita
719 852 746 902 vi
767 859 946 920 consumptus
970 854 1041 920 ignis
1063 855 1167 906 exstin-

310 940 421 1008 guitur:
443 946 470 992 et
491 939 570 1009 quasi
592 956 673 1006 poma
695 956 729 990 ex
749 939 893 991 arboribus
906 941 991 992 cruda
1007 941 1030 992 si
1051 943 1107 992 sint
1120 943 1166 993 rix

312 1028 492 1091 avelluntur;
518 1027 540 1078 si
567 1031 675 1078 matura
695 1031 723 1077 et
742 1033 819 1078 cocta
841 1028 991 1091 decidunt3
1020 1029 1058 1080 sic
1080 1031 1165 1081 vitam

311 1115 534 1168 adolescentibus
547 1115 589 1166 vis
601 1115 702 1178 aufert,
718 1115 831 1165 senibus
844 1117 989 1167 maturitas
1002 1136 1008 1179 ;
1022 1134 1092 1184 quae
1106 1119 1165 1186 qui-

311 1204 375 1256 dem
389 1203 456 1254 mihi
471 1209 528 1254 tam
540 1202 668 1270 jucunda
677 1208 726 1263 cst,
745 1208 775 1253 ut
788 1220 844 1270 qno
858 1204 971 1269 propius
989 1204 1024 1256 nd
1047 1212 1164 1257 mortem

310 1292 445 1355 accedam,
462 1291 541 1360 quasi
560 1296 663 1342 terram
677 1289 771 1341 videre
790 1290 885 1342 videar
909 1291 1114 1361 aliquandoque
1136 1293 1165 1345 in

309 1386 421 1447 portum
434 1394 468 1429 ex
480 1377 563 1444 longa
575 1376 752 1439 navigatione
765 1393 824 1428 esse
840 1382 984 1430 venturus.

679 1588 745 1641 XX.

312 1765 364 1817 rae
375 1764 496 1830 liepptcst
514 1763 564 1814 criel
577 1762 609 1828 of
623 1762 668 1828 lite
686 1763 709 1813 is
728 1780 747 1814 α
759 1763 871 1815 natural
884 1763 1051 1818 dissolution.
1096 1765 1132 1818 ‘l'o
1146 1784 1163 1817 α

344 1835 421 1888 mind
435 1835 507 1899 trulp
520 1833 594 1886 noble
606 1833 684 1884 (leeth
702 1834 725 1884 is
737 1838 784 1885 aot
798 1834 909 1900 scrufnl.
953 1836 1003 1887 ott
1016 1853 1063 1904 ‹rpc
1075 1835 1165 1904 brinqs

345 1907 441 1972 srttiety
454 1912 481 1971 υ]
494 1905 547 1969 life,
563 1904 619 1955 olid
632 1904 692 1955 then
703 1922 768 1955 nnio
780 1904 803 1955 ia
815 1906 873 1971 ripe
880 1905 928 1971 sor
939 1906 1024 1958 elcath.

262 2050 297 2107 72
345 2047 478 2100 Omnium
502 2050 626 2098 aetatum
650 2051 742 2097 certus
764 2052 806 2121 est
828 2047 964 2098 terminus
976 2064 984 2113 3
1011 2047 1163 2099 senectutis

310 2140 404 2188 autem
429 2132 524 2184 nullus
549 2137 641 2184 certus
665 2138 708 2184 cst
733 2133 889 2199 terminus;
924 2139 1053 2202 recteque
1077 2134 1107 2185 in
1131 2152 1164 2187 ea

311 2222 414 2274 vivitur
426 2219 518 2288 quoad
531 2236 633 2270 munus
653 2219 735 2270 officii
754 2220 868 2287 exsequi
890 2224 919 2272 st
939 2221 1013 2272 tueri
1034 2221 1122 2288 possis
1135 2229 1163 2274 et

310 2317 404 2362 tamen
424 2313 543 2360 mortem
564 2313 749 2359 contemnere.
791 2308 833 2359 Ex
847 2325 902 2376 quo
914 2307 946 2359 fit
965 2313 995 2360 ut
1013 2309 1163 2362 animosior

310 2398 393 2451 etiam
404 2400 532 2448 senectus
544 2395 590 2459 sit,
605 2412 688 2463 quarn
701 2393 896 2458 adolescentia,
912 2400 940 2446 et
953 2395 1058 2449 fortior.
1100 2390 1162 2451 Hoc
1223 2426 1227 2434 ·

309 2483 380 2537 illud
399 2487 448 2547 est,
464 2481 539 2550 quod
558 2480 706 2532 Pisistrato
718 2488 862 2547 tyrannoa
876 2481 977 2534 Solone
1001 2501 1161 2551 responsum

309 2578 352 2627 est
364 2587 451 2641 quum
464 2569 505 2621 illi
515 2567 669 2638 quaerenti,
684 2585 740 2635 qua
751 2567 864 2620 tandem
877 2586 925 2636 spe
937 2570 1026 2622 fretus
1039 2572 1092 2623 sibi
1104 2580 1162 2627 tam

309 2660 451 2714 audaciter
463 2658 620 2720 obsisteret,
632 2655 807 2722 respondisse
820 2656 936 2711 dicitur:
948 2657 1089 2715 Senectute.
1107 2660 1162 2715 Sed

247 2738 250 2744 Δ
310 2747 423 2801 vivendi
436 2751 478 2798 est
492 2745 554 2796 finis
567 2743 690 2811 optimus
703 2761 789 2812 quum
808 2744 917 2812 integra
938 2753 1031 2799 mente
1051 2749 1161 2801 ceteris-

311 2853 366 2905 que
379 2831 506 2886 sensibus
528 2848 597 2898 opus
610 2831 669 2897 ipsa
682 2847 763 2880 suum
776 2830 880 2897 eadem,
895 2849 968 2900 quae
989 2841 1161 2901 coagmenta·

311 2924 361 2987 vit,
377 2925 478 2973 natura
499 2917 633 2970 dissolvit.
675 2914 715 2967 Ut
735 2934 844 2983 navem,
858 2922 890 2970 ut
910 2919 1066 2973 aedilicium
1087 2921 1162 2975 idem
