2528 3474
523 189 594 225 cauo
614 188 718 225 Micon
993 171 1028 227 73

170 315 291 368 destruit
302 314 442 381 facillime,
457 315 506 384 qui
525 314 681 367 construxit
692 332 707 385 ;¹
719 315 759 367 sic
771 312 914 365 hominem
927 312 1024 365 eadem

171 403 284 471 optime,
313 419 383 470 quae
405 402 617 469 conglutinavit,
645 406 746 453 natura
770 400 907 453 dissolvit.
959 399 1024 452 Jam

171 491 262 542 omnis
275 489 477 557 conglutinatio
490 505 586 540 recena
605 506 694 555 aegre,
711 489 867 540 inveterata
883 487 965 539 facile
986 486 1025 538 di-

170 577 291 630 vellitur.
332 577 377 629 Ita
398 576 439 641 fit,
464 581 495 626 ut
521 575 591 626 illud
615 574 699 626 breve
722 576 794 626 vitae
815 575 954 642 reliquum
976 591 1027 626 neo

170 665 251 718 avide
264 663 452 731 appetendum
465 663 588 727 senibus,
603 680 654 714 nec
673 663 733 714 sine
746 679 829 714 causa
842 662 1024 714 deserendum

153 753 224 804 eit:
244 757 375 820 vetatquc
393 751 567 818 Pythagoras
589 750 699 818 injussu
722 750 905 817 imperatoris,
921 749 950 801 id
972 754 1022 814 est,

169 839 225 903 dei,
240 839 275 891 dc
295 838 432 907 praesidio
453 851 482 888 et
501 837 622 888 statione
635 838 709 888 vitae
731 836 872 888 decedere.
914 835 1024 888 Solonis
1038 838 1072 893 73

169 926 282 994 quidem
295 925 428 994 sapientis
441 924 561 992 elogium
575 930 626 987 ost,
641 942 697 992 quo
710 943 739 975 sc
758 928 841 990 negat
854 923 925 975 velle
947 942 1024 976 suam

168 1017 288 1064 mortem
307 1012 402 1063 dolore
422 1011 573 1062 amicorum
595 1016 623 1062 ct
646 1010 775 1061 lamentis
795 1028 899 1062 vacare.
941 1010 1021 1071 Vult,

168 1099 259 1162 credo,
275 1117 306 1152 se
327 1118 386 1151 csse
408 1115 502 1150 carum
523 1098 597 1149 suis:
618 1097 666 1148 ned
689 1097 763 1148 haud
785 1098 843 1149 ecio
865 1115 901 1149 an
924 1098 1023 1151 melius

168 1185 298 1240 Ennius:

238 1306 326 1359 Nemo
338 1324 378 1358 me
391 1306 517 1357 lacrumis
529 1305 629 1357 decoret
642 1323 724 1372 ltt'th
730 1305 913 1373 suumufletu

239 1393 339 1445 namu·

168 1531 196 1584 N
198 1549 234 1584 on
247 1535 341 1583 censet
354 1531 503 1599 lugendam
517 1547 576 1582 eoae
590 1536 716 1592 mortem,
732 1548 814 1598 quam
829 1532 1022 1586 immortalitas

168 1623 360 1682 consequatur.
400 1617 466 1670 Jam
479 1634 576 1669 senous
589 1617 725 1668 moriendi
739 1618 839 1685 aliquis
852 1636 912 1671 esse
930 1626 1022 1688 potest
1036 1622 1069 1678 74

168 1707 247 1774 isque
259 1706 294 1757 ad
308 1706 439 1773 exiguum
460 1710 572 1772 tempus
592 1705 754 1772 praesertim
774 1705 848 1760 seni:
868 1713 931 1774 post
951 1726 1021 1760 mor—

167 1800 224 1846 tem
237 1792 350 1862 quidum
365 1808 462 1844 sensus
483 1796 533 1842 aut
555 1791 694 1858 optandus
706 1796 755 1842 aut
768 1792 863 1844 nullus
876 1801 925 1847 cst.
967 1795 1022 1848 sed

167 1881 220 1933 hoc
233 1879 400 1932 meditatum
412 1880 447 1930 ab
460 1877 647 1930 adolescentia
660 1877 743 1929 debet
765 1896 833 1945 esse,
851 1886 968 1932 mortem
990 1888 1021 1935 ut

168 1969 352 2036 negligamus:
366 1968 427 2017 siue
437 1984 492 2034 qua
505 1965 686 2017 meditatione
696 1966 849 2032 tranquillo
858 1985 916 2019 csse
928 1971 1022 2022 annno

167 2072 249 2107 nemo
261 2058 361 2122 potest.
379 2050 560 2103 Moriendum
571 2051 646 2100 enim
659 2058 733 2101 certe
747 2057 789 2102 est
802 2058 830 2103 ct
843 2052 871 2103 id
884 2053 1021 2107 incertum

167 2158 203 2193 an
216 2159 249 2194 eo
262 2141 322 2208 ipso
335 2140 387 2191 die.
428 2137 552 2188 Mortem
565 2137 653 2204 igitur
673 2138 804 2189 omnibus
827 2139 902 2191 horis
915 2141 1020 2209 impen-

167 2229 282 2281 dentem
293 2228 396 2280 timons
413 2229 461 2294 qui
483 2224 694 2292 poteritanimo
707 2228 876 2281 consisteret
912 2229 954 2282 De
966 2249 1022 2301 qua
1034 2233 1067 2289 75

167 2316 277 2388 nonita
288 2315 372 2382 longa
384 2312 575 2380 disputatione
587 2330 656 2380 opus
670 2330 729 2365 esso
741 2314 864 2378 videtur,
874 2334 961 2383 quum
980 2336 1021 2370 re-

117 2414 123 2422 '
168 2405 274 2471 cordat,
288 2420 345 2455 non
359 2401 534 2466 L.Brutu1u,
550 2401 599 2468 qui
618 2402 647 2452 in
660 2401 805 2453 liberanda
822 2408 912 2469 patria
924 2412 966 2457 cot
979 2407 1019 2458 in-

166 2493 320 2555 corsanum
338 2506 394 2541 non
405 2487 461 2539 duo
474 2486 582 2545 Dociou
596 2488 643 2554 qui
656 2487 691 2538 ad
705 2489 888 2540 voluntariam
903 2498 1020 2545 mortem

167 2596 279 2633 curuum
290 2593 425 2647 equorum
438 2575 626 2627 incitaverunt
640 2594 645 2637 ;
664 2592 720 2626 nou
734 2575 773 2627 M.
786 2577 913 2643 Atilium,
924 2581 972 2648 qui
985 2583 1020 2634 ad

167 2665 334 2735 supplicium
346 2669 388 2717 eet
400 2663 543 2730 profectus
556 2666 588 2712 ut
606 2661 689 2714 fidem
708 2662 781 2713 hosti
800 2663 894 2717 datam
912 2685 1019 2721 conser-

167 2759 259 2817 varct3
272 2770 329 2805 non
339 2751 395 2802 duo
407 2748 559 2817 Scipiones,
567 2749 616 2817 qui
629 2749 683 2801 iter
692 2749 792 2802 Poenis
803 2750 846 2804 vel
859 2757 1019 2821 corporibus

167 2841 224 2895 suis
236 2832 380 2893 obstruere
393 2835 544 2889 voluerunt
555 2854 562 2898 ;
579 2853 636 2888 non
648 2853 731 2888 avum
744 2842 825 2889 tuum
837 2838 868 2891 L.
877 2839 1015 2910 Paullum,

166 2929 216 2999 qui
228 2932 316 2980 morte
334 2925 389 2976 luit
401 2923 523 2992 collegae
535 2923 565 2974 iu
584 2921 722 2976 Cannensi
741 2924 894 2990 ignominia
907 2930 1017 2982 temeri-
