2528 3474
330 159 365 209 48
635 170 705 209 earo
725 171 828 208 uaros.

330 303 415 352 runt:
435 297 594 350 vadimonia
607 298 775 364 constituta,
789 296 837 365 qui
850 296 911 363 sibi,
928 296 972 348 cui
985 296 1038 364 ipsi
1051 296 1179 350 debeant.

282 386 317 436 22
330 384 404 448 Quid
428 385 639 453 jurisconsulti?
669 384 737 452 quid
761 384 925 453 pontifices?
954 383 1023 453 quid
1046 384 1182 451 auguresl

329 471 397 539 quid
421 470 580 538 philosophi
611 470 712 521 senes?
747 488 831 539 quam
861 470 950 522 multa
973 467 1182 523 memineruntl

329 558 449 611 Manent
467 558 579 626 ingenia
589 559 712 623 senibus,
728 559 809 609 modo
829 563 991 625 permaneat
1010 559 1134 611 studium
1153 566 1181 612 et

327 646 466 698 industria
479 664 485 699 z
504 663 555 697 nee
569 663 601 697 ea
612 646 702 696 solum
714 645 743 696 iu
757 646 837 697 claris
850 651 878 698 et
891 646 1033 697 honeratis
1047 647 1120 711 viris,
1133 648 1181 699 sed

328 735 356 785 in
370 735 428 785 vita
441 734 525 785 etiam
538 734 647 800 privata
660 737 688 783 et
700 732 801 799 quieta.
835 733 985 799 Sophocles
998 734 1032 784 ad
1046 752 1181 786 sunmmm

327 825 498 873 senectutem
520 818 676 885 tragoedias
700 818 787 871 fecit:
816 819 891 886 quod
916 824 1031 886 propter
1056 821 1179 873 studium

327 925 413 976 quum
433 924 491 958 rem
511 906 652 973 negligere
676 904 842 956 familiarem
863 905 1015 971 videretur,
1031 925 1047 958 a
1068 908 1132 959 filiis
1151 911 1180 960 in

325 995 462 1064 judicium
475 999 588 1045 vocatus
610 999 662 1056 est,
678 997 717 1057 ut,
731 993 966 1061 quemadmodum
989 1001 1084 1047 uestro
1104 1015 1180 1049 more

327 1082 398 1133 male
411 1099 470 1134 rem
482 1081 643 1149 gerentibus
656 1080 783 1146 patribus
802 1080 883 1131 bonis
902 1081 1031 1133 interdici
1045 1083 1123 1148 solet,
1141 1087 1180 1136 sic

327 1169 493 1237 illumquasi
503 1168 687 1236 desipientem
700 1185 716 1218 a
729 1185 758 1218 re
772 1167 902 1219 familiari
916 1175 1093 1223 removerent
1105 1173 1178 1239 judi-

326 1276 376 1310 ces.
418 1258 489 1309 'l'um
501 1272 587 1308 senex
604 1255 707 1307 dicitur
726 1273 786 1306 eam
805 1256 937 1320 fabulam,
953 1275 1035 1324 quam
1050 1259 1079 1310 in
1092 1263 1178 1313 marn-

326 1345 378 1395 bus
390 1343 511 1394 habebat
524 1345 552 1393 et
564 1341 689 1408 proxime
703 1341 858 1407 scripserat,
877 1340 1006 1409 Oedipum
1026 1342 1174 1411 Coloneum,

326 1431 456 1483 recitasse
481 1429 623 1498 judicibus
654 1428 859 1496 quaesisseque,
882 1445 949 1480 num
974 1430 1044 1482 illud
1069 1449 1178 1487 carmen

326 1518 489 1586 desipientis
501 1517 650 1568 videretur.
692 1515 752 1579 Quo
765 1516 881 1568 recitato
893 1519 1041 1570 sententiis
1053 1520 1178 1588 judicum

279 1608 313 1658 23
326 1612 368 1658 cst
380 1604 547 1677 liberatus),
563 1603 591 1655 N
594 1620 640 1654 um
653 1602 739 1670 igitur
751 1603 833 1666 hunc,
850 1621 917 1655 uum
931 1604 1095 1675 Homerum,
1110 1627 1177 1662 num

327 1693 490 1757 Hesiodum,
507 1709 575 1743 num
597 1691 777 1749 Simonidem,
794 1709 862 1743 uum
885 1693 1082 1762 Stesichorum,
1099 1714 1174 1764 num,

325 1800 394 1850 quos
415 1785 480 1833 ante
500 1780 566 1843 dixi,
582 1779 744 1845 Isocratem,
759 1779 897 1847 Gorgiam,
915 1798 982 1832 num
1002 1783 1177 1853 philosopho·

326 1888 387 1921 rum
400 1869 548 1937 principes,
564 1866 761 1935 Pythagoram,
778 1868 979 1937 Democritum,
995 1888 1063 1923 num
1084 1872 1177 1927 Plate-

325 1975 397 2022 nem,
414 1974 481 2008 num
500 1955 699 2019 Xenocratem,
714 1971 782 2005 num
801 1959 898 2021 postea
914 1956 1063 2026 Zenonem,
1080 1960 1177 2014 Clean-

326 2045 411 2109 them,
438 2048 487 2095 aut
517 2059 591 2107 eum,
624 2059 708 2110 quem
733 2058 781 2094 vos
805 2041 890 2095 etiam
921 2044 1031 2098 vidistis
1061 2048 1174 2111 Remae,

325 2134 480 2200 Diogenem
493 2130 627 2195 Stoicum,
642 2129 732 2197 coegit
750 2129 780 2181 in
798 2129 856 2181 suis
874 2131 975 2184 studiis
987 2134 1193 2191 obmutescere.

326 2221 472 2273 senectus?
490 2236 526 2271 an
540 2218 570 2269 in
589 2217 719 2269 <tionibus
737 2217 782 2269 his
800 2218 957 2272 studiorum
976 2224 1091 2287 agitatio
1104 2227 1178 2279 vitae

279 2314 312 2361 24
325 2309 447 2377 aequalis
461 2307 538 2359 luit‘l
576 2308 643 2372 Age,
660 2310 691 2356 ut
713 2305 766 2357 ista
785 2306 882 2359 divina
900 2308 993 2360 studia
1005 2312 1174 2380 omittamus,

325 2413 436 2464 possmu
456 2394 599 2445 nominare
620 2409 655 2442 cx
674 2409 741 2459 agro
762 2392 867 2445 Sabino
887 2394 1004 2447 rusticos
1025 2396 1174 2466 Romanos,

326 2484 431 2535 vicinos
444 2487 471 2534 ct
484 2481 635 2532 faiuiliares
648 2497 731 2545 meos,
745 2480 847 2549 quibus
860 2482 1023 2536 absentibus
1035 2503 1176 2556 nunquam

325 2574 383 2624 lero
396 2571 453 2621 ulla
466 2570 493 2620 in
507 2585 573 2635 agro
587 2568 693 2635 majora
705 2586 788 2635 opera
801 2568 881 2635 fiunt,
897 2587 954 2621 nen
973 2573 1106 2640 serendis,
1121 2594 1177 2629 neu

326 2656 519 2726 percipiendis,
537 2673 593 2706 nen
607 2654 762 2706 condendis
774 2655 921 2708 fructibus.
962 2656 1136 2730 Quamquam
1148 2665 1177 2715 in

325 2747 385 2798 aliis
398 2745 490 2796 minus
503 2743 555 2794 hoc
568 2743 687 2805 mirum;
706 2759 788 2794 nemo
801 2743 877 2794 enim
889 2748 932 2795 est
949 2749 1007 2797 tam
1020 2765 1114 2817 senex,
1128 2752 1178 2821 qui

326 2853 355 2886 se
374 2850 478 2886 annum
499 2848 556 2883 non
579 2835 661 2899 putet
680 2846 761 2898 posse
783 2831 895 2885 vivere:
914 2833 963 2884 sed
982 2833 1068 2887 iidem
1087 2836 1117 2890 in
1138 2840 1178 2892 eis

326 2921 477 2986 elaborant,
493 2937 564 2988 quae
576 2919 668 2971 sciunt
682 2917 753 2970 nihil
766 2917 801 2969 ad
813 2935 843 2971 se
857 2920 971 2973 omnine
983 2923 1125 2990 pertinere
1139 2939 1145 2976 :
