2528 3474
531 165 603 204 earo
621 166 726 204 maroa.
1001 156 1037 208 63

181 292 289 360 frugem
301 292 370 357 spici
382 293 480 346 ordine
488 296 632 358 structam,
643 295 673 345 et
685 296 782 346 contra
793 294 887 346 avium
897 298 1035 349 minorum

180 397 287 432 morsus
299 380 425 433 munitur
438 380 510 433 vallo
523 380 679 433 aristarum.
720 379 794 444 Quid
813 399 863 449 ego
877 384 979 436 vitium
992 402 1033 437 or·
1048 386 1082 438 52

180 473 235 533 tus,
247 472 332 534 satus,
348 467 520 519 incrementa
532 468 765 520 commemorem?
801 469 902 522 Saliari
915 472 1034 525 delecta-

179 557 256 608 tione
268 572 325 607 non
338 572 459 622 possum,
476 560 508 606 ut
521 571 598 606 meae
610 556 763 607 senectutis
775 558 930 626 requietem
944 560 1034 612 oblec-

178 647 389 711 tamentumque
401 642 529 694 noscatis.
571 641 678 694 Omitto
697 641 772 694 enim
793 644 848 701 vim
869 645 957 712 ipsam
978 665 1033 698 om·

177 731 265 794 nium,
280 747 351 798 quae
372 731 541 797 generantur
559 746 575 780 e
593 733 686 792 terra3
706 747 777 798 quae
799 747 834 782 err
856 732 899 783 tici
922 734 1032 786 tantulo

177 835 263 886 grano
275 821 324 869 aut
337 834 371 869 ex
384 817 464 868 acino
483 816 596 867 vinaceo
616 821 666 867 aut
688 834 722 868 ex
744 821 898 870 ceterarum
920 821 1031 888 frugum

176 924 208 958 ac
220 905 350 973 stirpium
363 904 557 956 minutissimis
576 904 729 956 seminibus
748 909 841 958 tantos
863 911 977 960 truncos
991 927 1030 961 ra-

176 1010 291 1062 mosque
309 994 445 1060 procreat.
482 989 617 1055 Malleoli,
632 991 752 1058 plantae,
769 1000 917 1061 sarmenta,
933 996 1031 1049 vivira-

176 1080 260 1145 dices,
276 1079 441 1147 propagines
463 1094 556 1130 nonna
577 1095 609 1129 ea
631 1078 754 1130 efficiunt
776 1084 808 1132 ut
829 1083 955 1149 quemvis
968 1100 1031 1135 cum

175 1169 359 1222 admiratione
381 1166 539 1219 delectentl
593 1165 669 1217 Vitis
691 1167 813 1235 quidem,
839 1187 910 1238 quae
932 1176 1032 1224 natura

175 1257 278 1311 caduca
291 1259 333 1308 est
345 1259 374 1307 et
385 1255 440 1306 nisi
454 1253 526 1305 fulta
539 1253 575 1306 sit
593 1254 685 1306 fertur
698 1255 733 1307 ad
752 1259 863 1321 terram,
880 1257 985 1320 eadem,
1000 1266 1031 1312 ut

175 1361 205 1396 se
223 1342 320 1409 erigat,
335 1339 476 1393 claviculis
497 1340 554 1391 suis
575 1341 655 1408 quasi
677 1341 806 1394 manibus
828 1343 966 1412 quidquid
988 1351 1031 1398 est

174 1433 257 1483 nacta
269 1427 481 1496 complectitur:
501 1444 585 1495 quam
604 1433 762 1495 serpentem
783 1431 931 1498 multiplici
951 1433 1030 1502 lapsu

175 1521 204 1571 et
217 1516 334 1569 erratico
347 1516 422 1567 ferro
435 1521 583 1582 amputans
596 1521 703 1567 coercet
722 1534 766 1567 ars
786 1519 978 1586 agricolarum,
994 1539 1030 1575 ne

174 1606 303 1658 silvescat
315 1603 462 1657 sarmentis
478 1607 507 1654 et
519 1602 549 1654 iu
562 1619 658 1654 omnes
671 1609 764 1670 partes
777 1605 864 1657 nimia
882 1608 1024 1662 tundatur.

174 1695 275 1763 Itaque
287 1692 403 1744 ineunte
425 1707 490 1742 rere
508 1690 538 1742 in
558 1690 600 1756 iis,
616 1708 687 1759 quae
708 1692 806 1744 relicta
827 1698 901 1760 sunt,
918 1697 1029 1750 exsistit
1041 1701 1076 1751 53

174 1785 317 1849 tamquam
337 1778 373 1830 ad
394 1777 526 1830 articulos
545 1782 748 1829 sarmentorum
772 1797 812 1844 ert,
828 1798 899 1850 qnae
920 1801 1029 1850 gemma

174 1869 296 1921 dieitur:
314 1884 331 1918 a
340 1884 396 1934 qua
407 1866 500 1917 oriens
514 1882 567 1917 uva
580 1882 640 1917 sese
653 1867 777 1918 ostendit
791 1885 797 1921 z
816 1886 887 1937 quae
901 1875 929 1922 et
947 1889 1028 1925 succo

172 1961 264 2008 terrae
276 1957 305 2006 et
317 1953 407 2006 calore
419 1952 485 2004 solis
497 1968 646 2018 augescens
656 1952 745 2018 primo
754 1958 796 2005 est
807 1957 956 2020 peracerba
965 1977 1025 2026 gus-

172 2046 243 2109 tatu,
267 2039 370 2094 deinde
393 2042 532 2091 maturata
556 2038 689 2090 dulcescit
710 2041 867 2108 vestitaque
888 2047 1027 2113 pampinis

171 2146 223 2182 nec
241 2126 351 2180 modico
375 2130 471 2193 tepore
495 2129 571 2177 caret
593 2130 621 2177 et
641 2125 743 2178 nimios
760 2129 826 2179 solis
845 2130 971 2184 defendit
984 2152 1025 2187 ar-

171 2217 259 2269 dores.
300 2213 361 2278 Qua
384 2212 452 2283 quid
473 2215 566 2280 potest
587 2217 727 2264 esserum
745 2215 838 2267 fructu
852 2217 952 2271 laetius
965 2227 1025 2275 tum

170 2304 304 2371 adspectu
328 2298 492 2368 pulchrius?
537 2298 625 2367 Cujus
645 2300 759 2367 quidem
778 2319 834 2354 non
855 2306 961 2360 utilitas
981 2327 1025 2363 me

170 2391 269 2456 solum,
285 2392 318 2441 ut
329 2393 396 2440 ante
409 2387 475 2453 dixi,
492 2386 541 2439 sed
562 2386 646 2438 etiam
665 2387 775 2440 cultura
796 2395 825 2442 et
846 2391 906 2460 ipsa
924 2402 1025 2451 natura

169 2477 310 2531 delectat:
329 2473 561 2528 adminiculorum
579 2474 698 2535 ordines,
716 2477 838 2543 capitum
850 2478 966 2547 jugatio,
983 2503 1024 2538 re.

168 2564 265 2634 ligatio
278 2566 306 2616 et
318 2561 480 2630 propagatio
493 2560 601 2625 vitium,
611 2564 871 2633 sarmentorumque
885 2585 924 2634 ea,
940 2587 1024 2638 quam

94 2660 100 2671 ‘
169 2652 236 2719 dixi,
251 2650 368 2704 aliorum
388 2648 552 2716 amputatio,
567 2647 685 2700 aliorum
704 2649 844 2704 immissio.
886 2654 959 2717 Quid
973 2677 1023 2727 ego

167 2737 351 2806 irrigationes,
361 2733 431 2803 quid
440 2733 576 2786 fossiones
588 2733 646 2799 agri
658 2735 947 2808 repastinationesque
960 2761 1021 2810 pro-

166 2826 264 2891 teram,
285 2822 387 2893 quibus
410 2820 443 2873 tit
467 2819 556 2872 multo
580 2823 655 2873 terra
678 2821 845 2878 fecundior?
888 2827 961 2891 Quid
987 2831 1021 2885 de
1035 2835 1068 2886 54

166 2913 290 2967 utilitate
302 2910 400 2983 loquar
410 2907 603 2966 stercorandit
620 2907 680 2961 dixi
692 2907 722 2962 in
735 2928 767 2962 eo
790 2911 870 2980 libro,
886 2932 970 2985 quem
992 2920 1023 2971 de
