<?xml version="1.0" encoding="UTF-8"?>
<!DOCTYPE html PUBLIC "-//W3C//DTD XHTML 1.0 Transitional//EN"
    "http://www.w3.org/TR/xhtml1/DTD/xhtml1-transitional.dtd">
<html xmlns="http://www.w3.org/1999/xhtml" xml:lang="en" lang="en">
 <head>
  <title>
</title>
<meta http-equiv="Content-Type" content="text/html;charset=utf-8" />
  <meta name='ocr-system' content='tesseract 3.04.00' />
  <meta name='ocr-capabilities' content='ocr_page ocr_carea ocr_par ocr_line ocrx_word'/>
</head>
<body>
  <div class='ocr_page' id='page_1' title='image "./ciceroscatomajo00huttgoog_0050.png"; bbox 0 0 2528 3474; ppageno 0'>
   <div class='ocr_carea' id='block_1_1' title="bbox 452 144 955 198">
    <p class='ocr_par' dir='ltr' id='par_1_1' title="bbox 452 144 955 198">
     <span class='ocr_line' id='line_1_1' title="bbox 452 144 955 198; baseline -0.002 -5"><span class='ocrx_word' id='word_1_1' title='bbox 452 154 524 193; x_wconf 74' lang='lat' dir='ltr'><strong>osro</strong></span> <span class='ocrx_word' id='word_1_2' title='bbox 543 156 645 192; x_wconf 72' lang='lat' dir='ltr'><strong>maroa.</strong></span> <span class='ocrx_word' id='word_1_3' title='bbox 921 144 955 198; x_wconf 83' lang='grc'><strong>47</strong></span> 
     </span>
    </p>
   </div>
   <div class='ocr_carea' id='block_1_2' title="bbox 98 279 1002 963">
    <p class='ocr_par' dir='ltr' id='par_1_2' title="bbox 98 279 1002 963">
     <span class='ocr_line' id='line_1_2' title="bbox 102 279 957 349; baseline 0.005 -17"><span class='ocrx_word' id='word_1_4' title='bbox 102 279 203 349; x_wconf 75' lang='lat' dir='ltr'><strong>gladiis</strong></span> <span class='ocrx_word' id='word_1_5' title='bbox 216 284 360 343; x_wconf 89' lang='lat' dir='ltr'><strong>uteretur;</strong></span> <span class='ocrx_word' id='word_1_6' title='bbox 373 281 423 333; x_wconf 84' lang='lat' dir='ltr'><strong>sed</strong></span> <span class='ocrx_word' id='word_1_7' title='bbox 435 282 561 346; x_wconf 84' lang='lat' dir='ltr'><strong>consilio,</strong></span> <span class='ocrx_word' id='word_1_8' title='bbox 576 283 694 347; x_wconf 84' lang='lat' dir='ltr'><strong>ratione,</strong></span> <span class='ocrx_word' id='word_1_9' title='bbox 708 284 857 337; x_wconf 83' lang='lat' dir='ltr'><strong>sententia.</strong></span> <span class='ocrx_word' id='word_1_10' title='bbox 879 282 957 348; x_wconf 85' lang='lat' dir='ltr'><strong>Quae</strong></span> 
     </span>
     <span class='ocr_line' id='line_1_3' title="bbox 101 370 955 441; baseline 0.002 -19"><span class='ocrx_word' id='word_1_11' title='bbox 101 370 155 422; x_wconf 87' lang='lat' dir='ltr'><strong>uisi</strong></span> <span class='ocrx_word' id='word_1_12' title='bbox 168 373 261 422; x_wconf 84' lang='lat' dir='ltr'><strong>essent</strong></span> <span class='ocrx_word' id='word_1_13' title='bbox 273 370 302 421; x_wconf 92' lang='lat' dir='ltr'><strong>in</strong></span> <span class='ocrx_word' id='word_1_14' title='bbox 316 371 438 434; x_wconf 84' lang='lat' dir='ltr'><strong>senibus,</strong></span> <span class='ocrx_word' id='word_1_15' title='bbox 454 388 510 421; x_wconf 90' lang='lat' dir='ltr'><strong>nou</strong></span> <span class='ocrx_word' id='word_1_16' title='bbox 524 389 663 423; x_wconf 87' lang='lat' dir='ltr'><strong>summum</strong></span> <span class='ocrx_word' id='word_1_17' title='bbox 676 372 822 424; x_wconf 89' lang='lat' dir='ltr'><strong>consilium</strong></span> <span class='ocrx_word' id='word_1_18' title='bbox 835 374 955 441; x_wconf 83' lang='lat' dir='ltr'><strong>majores</strong></span> 
     </span>
     <span class='ocr_line' id='line_1_4' title="bbox 100 458 1002 526; baseline 0.002 -17"><span class='ocrx_word' id='word_1_19' title='bbox 100 460 189 509; x_wconf 87' lang='lat' dir='ltr'><strong>nostri</strong></span> <span class='ocrx_word' id='word_1_20' title='bbox 213 458 401 526; x_wconf 72' lang='lat' dir='ltr'>appellassent</span> <span class='ocrx_word' id='word_1_21' title='bbox 425 463 560 510; x_wconf 76' lang='lat' dir='ltr'><strong>acuatum.</strong></span> <span class='ocrx_word' id='word_1_22' title='bbox 613 460 697 526; x_wconf 84' lang='lat' dir='ltr'>Apud</span> <span class='ocrx_word' id='word_1_23' title='bbox 721 458 1002 512; x_wconf 62' lang='lat' dir='ltr'><strong>Limedaemouios‘to</strong></span> 
     </span>
     <span class='ocr_line' id='line_1_5' title="bbox 100 544 954 614; baseline 0.001 -17"><span class='ocrx_word' id='word_1_24' title='bbox 100 545 213 614; x_wconf 80' lang='lat' dir='ltr'><strong>quidem</strong></span> <span class='ocrx_word' id='word_1_25' title='bbox 236 546 264 605; x_wconf 81' lang='lat' dir='ltr'><strong>ii,</strong></span> <span class='ocrx_word' id='word_1_26' title='bbox 286 545 335 612; x_wconf 88' lang='lat' dir='ltr'><strong>qui</strong></span> <span class='ocrx_word' id='word_1_27' title='bbox 357 544 557 612; x_wconf 83' lang='lat' dir='ltr'><strong>amplissimum</strong></span> <span class='ocrx_word' id='word_1_28' title='bbox 583 546 775 613; x_wconf 83' lang='lat' dir='ltr'><strong>magistratum</strong></span> <span class='ocrx_word' id='word_1_29' title='bbox 797 553 897 611; x_wconf 69' lang='lat' dir='ltr'><strong>gerunt</strong></span> <span class='ocrx_word' id='word_1_30' title='bbox 923 554 954 598; x_wconf 89' lang='lat' dir='ltr'><strong>nt</strong></span> 
     </span>
     <span class='ocr_line' id='line_1_6' title="bbox 99 632 954 702; baseline 0 -17"><span class='ocrx_word' id='word_1_31' title='bbox 99 640 166 685; x_wconf 88' lang='lat' dir='ltr'><strong>suut</strong></span> <span class='ocrx_word' id='word_1_32' title='bbox 178 634 217 684; x_wconf 89' lang='lat' dir='ltr'><strong>sic</strong></span> <span class='ocrx_word' id='word_1_33' title='bbox 230 633 314 685; x_wconf 80' lang='lat' dir='ltr'><strong>etism</strong></span> <span class='ocrx_word' id='word_1_34' title='bbox 334 632 517 683; x_wconf 76' lang='lat' dir='ltr'><strong>nominantur</strong></span> <span class='ocrx_word' id='word_1_35' title='bbox 529 650 616 684; x_wconf 87' lang='lat' dir='ltr'><strong>senes.</strong></span> <span class='ocrx_word' id='word_1_36' title='bbox 658 632 739 696; x_wconf 84' lang='lat' dir='ltr'><strong>Quod</strong></span> <span class='ocrx_word' id='word_1_37' title='bbox 760 634 783 685; x_wconf 87' lang='lat' dir='ltr'><strong>si</strong></span> <span class='ocrx_word' id='word_1_38' title='bbox 803 633 893 702; x_wconf 83' lang='lat' dir='ltr'><strong>legere</strong></span> <span class='ocrx_word' id='word_1_39' title='bbox 906 640 954 685; x_wconf 84' lang='lat' dir='ltr'><strong>aut</strong></span> 
     </span>
     <span class='ocr_line' id='line_1_7' title="bbox 99 720 955 788; baseline 0.001 -15"><span class='ocrx_word' id='word_1_40' title='bbox 99 721 197 773; x_wconf 81' lang='lat' dir='ltr'><strong>audire</strong></span> <span class='ocrx_word' id='word_1_41' title='bbox 209 721 310 772; x_wconf 86' lang='lat' dir='ltr'><strong>voletis</strong></span> <span class='ocrx_word' id='word_1_42' title='bbox 323 724 448 781; x_wconf 78' lang='lat' dir='ltr'><strong>externa,</strong></span> <span class='ocrx_word' id='word_1_43' title='bbox 460 720 594 772; x_wconf 79' lang='lat' dir='ltr'><strong>niaximas</strong></span> <span class='ocrx_word' id='word_1_44' title='bbox 608 737 652 772; x_wconf 87' lang='lat' dir='ltr'><strong>res</strong></span> <span class='ocrx_word' id='word_1_45' title='bbox 664 721 789 788; x_wconf 84' lang='lat' dir='ltr'><strong>publicas</strong></span> <span class='ocrx_word' id='word_1_46' title='bbox 801 722 837 774; x_wconf 83' lang='lat' dir='ltr'><strong>ab</strong></span> <span class='ocrx_word' id='word_1_47' title='bbox 848 722 955 774; x_wconf 85' lang='lat' dir='ltr'><strong>adoles·</strong></span> 
     </span>
     <span class='ocr_line' id='line_1_8' title="bbox 99 807 953 867; baseline 0.002 -6"><span class='ocrx_word' id='word_1_48' title='bbox 99 809 229 861; x_wconf 76' lang='lat' dir='ltr'><strong>centibus</strong></span> <span class='ocrx_word' id='word_1_49' title='bbox 247 807 405 867; x_wconf 82' lang='lat' dir='ltr'><strong>labefactas,</strong></span> <span class='ocrx_word' id='word_1_50' title='bbox 422 808 564 859; x_wconf 77' lang='lat' dir='ltr'><strong>aeonibus</strong></span> <span class='ocrx_word' id='word_1_51' title='bbox 584 814 755 861; x_wconf 83' lang='lat' dir='ltr'><strong>sustentatos</strong></span> <span class='ocrx_word' id='word_1_52' title='bbox 767 815 797 862; x_wconf 89' lang='lat' dir='ltr'><strong>et</strong></span> <span class='ocrx_word' id='word_1_53' title='bbox 808 810 953 863; x_wconf 81' lang='lat' dir='ltr'><strong>restitutas</strong></span> 
     </span>
     <span class='ocr_line' id='line_1_9' title="bbox 98 896 251 963; baseline -0.007 -16"><span class='ocrx_word' id='word_1_54' title='bbox 98 896 251 963; x_wconf 87' lang='lat' dir='ltr'><strong>reperietis.</strong></span> 
     </span>
    </p>
   </div>
   <div class='ocr_carea' id='block_1_3' title="bbox 57 995 953 1063">
    <p class='ocr_par' dir='ltr' id='par_1_3' title="bbox 57 995 953 1063">
     <span class='ocr_line' id='line_1_10' title="bbox 57 995 953 1063; baseline 0.004 -14"><span class='ocrx_word' id='word_1_55' title='bbox 57 1001 60 1005; x_wconf 82' lang='grc'><strong>’</strong></span> <span class='ocrx_word' id='word_1_56' title='bbox 99 996 226 1063; x_wconf 56' lang='lat' dir='ltr'><strong>&amp;drama</strong></span> <span class='ocrx_word' id='word_1_57' title='bbox 238 1000 347 1047; x_wconf 58' lang='lat' dir='ltr'><strong>›aso-«m</strong></span> <span class='ocrx_word' id='word_1_58' title='bbox 355 1013 410 1046; x_wconf 80' lang='lat' dir='ltr'><strong>rem</strong></span> <span class='ocrx_word' id='word_1_59' title='bbox 418 995 554 1062; x_wconf 74' lang='lat' dir='ltr'><strong>publicam</strong></span> <span class='ocrx_word' id='word_1_60' title='bbox 563 999 806 1049; x_wconf 69' lang='lat' dir='ltr'><strong>tantmnamisistis</strong></span> <span class='ocrx_word' id='word_1_61' title='bbox 815 1002 872 1051; x_wconf 80' lang='lat' dir='ltr'><strong>tum</strong></span> <span class='ocrx_word' id='word_1_62' title='bbox 881 1000 953 1053; x_wconf 80' lang='lat' dir='ltr'><strong>cito?</strong></span> 
     </span>
    </p>
   </div>
   <div class='ocr_carea' id='block_1_4' title="bbox 96 1100 951 1252">
    <p class='ocr_par' dir='ltr' id='par_1_4' title="bbox 96 1100 951 1252">
     <span class='ocr_line' id='line_1_11' title="bbox 97 1100 951 1172; baseline 0.002 -18"><span class='ocrx_word' id='word_1_63' title='bbox 97 1100 144 1154; x_wconf 86' lang='lat' dir='ltr'><strong>Sic</strong></span> <span class='ocrx_word' id='word_1_64' title='bbox 156 1102 231 1152; x_wconf 87' lang='lat' dir='ltr'><strong>euim</strong></span> <span class='ocrx_word' id='word_1_65' title='bbox 243 1104 443 1168; x_wconf 75' lang='lat' dir='ltr'><strong>percontantur</strong></span> <span class='ocrx_word' id='word_1_66' title='bbox 456 1106 486 1151; x_wconf 92' lang='lat' dir='ltr'><strong>ut</strong></span> <span class='ocrx_word' id='word_1_67' title='bbox 499 1107 541 1152; x_wconf 88' lang='lat' dir='ltr'><strong>est</strong></span> <span class='ocrx_word' id='word_1_68' title='bbox 554 1101 584 1150; x_wconf 89' lang='lat' dir='ltr'><strong>in</strong></span> <span class='ocrx_word' id='word_1_69' title='bbox 602 1101 702 1152; x_wconf 82' lang='lat' dir='ltr'><strong>Naevii</strong></span> <span class='ocrx_word' id='word_1_70' title='bbox 721 1101 801 1153; x_wconf 82' lang='lat' dir='ltr'><strong>Ludo</strong></span> <span class='ocrx_word' id='word_1_71' title='bbox 814 1120 821 1158; x_wconf 90' lang='lat'><strong>:</strong></span> <span class='ocrx_word' id='word_1_72' title='bbox 840 1121 951 1172; x_wconf 82' lang='lat' dir='ltr'><strong>respou-</strong></span> 
     </span>
     <span class='ocr_line' id='line_1_12' title="bbox 96 1186 583 1252; baseline -0.002 -12"><span class='ocrx_word' id='word_1_73' title='bbox 96 1188 201 1240; x_wconf 88' lang='lat' dir='ltr'><strong>dentur</strong></span> <span class='ocrx_word' id='word_1_74' title='bbox 213 1194 242 1238; x_wconf 90' lang='lat' dir='ltr'><strong>et</strong></span> <span class='ocrx_word' id='word_1_75' title='bbox 254 1186 349 1238; x_wconf 83' lang='lat' dir='ltr'><strong>aliast</strong></span> <span class='ocrx_word' id='word_1_76' title='bbox 362 1186 414 1237; x_wconf 89' lang='lat' dir='ltr'><strong>hoc</strong></span> <span class='ocrx_word' id='word_1_77' title='bbox 427 1186 456 1237; x_wconf 91' lang='lat' dir='ltr'><strong>in</strong></span> <span class='ocrx_word' id='word_1_78' title='bbox 469 1186 583 1252; x_wconf 85' lang='lat' dir='ltr'><strong>primis:</strong></span> 
     </span>
    </p>
   </div>
   <div class='ocr_carea' id='block_1_5' title="bbox 168 1291 865 1358">
    <p class='ocr_par' dir='ltr' id='par_1_5' title="bbox 168 1291 865 1358">
     <span class='ocr_line' id='line_1_13' title="bbox 168 1291 865 1358; baseline 0.007 -14"><span class='ocrx_word' id='word_1_79' title='bbox 168 1291 358 1344; x_wconf 79' lang='lat' dir='ltr'><strong>Proaenicbcmt</strong></span> <span class='ocrx_word' id='word_1_80' title='bbox 370 1294 487 1343; x_wconf 76' lang='lat' dir='ltr'><strong>oratores</strong></span> <span class='ocrx_word' id='word_1_81' title='bbox 498 1292 568 1358; x_wconf 73' lang='lat' dir='ltr'><strong>aioni,</strong></span> <span class='ocrx_word' id='word_1_82' title='bbox 583 1291 660 1343; x_wconf 64' lang='lat' dir='ltr'><strong>attriti</strong></span> <span class='ocrx_word' id='word_1_83' title='bbox 672 1293 865 1349; x_wconf 63' lang='lat' dir='ltr'><strong>adamanteis</strong></span> 
     </span>
    </p>
   </div>
   <div class='ocr_carea' id='block_1_6' title="bbox 95 1413 952 1560">
    <p class='ocr_par' dir='ltr' id='par_1_6' title="bbox 95 1413 952 1560">
     <span class='ocr_line' id='line_1_14' title="bbox 95 1413 952 1485; baseline 0.002 -14"><span class='ocrx_word' id='word_1_84' title='bbox 95 1416 251 1472; x_wconf 80' lang='lat' dir='ltr'><strong>Temeritas</strong></span> <span class='ocrx_word' id='word_1_85' title='bbox 263 1421 306 1467; x_wconf 87' lang='lat' dir='ltr'><strong>est</strong></span> <span class='ocrx_word' id='word_1_86' title='bbox 318 1413 449 1467; x_wconf 89' lang='lat' dir='ltr'><strong>videlicet</strong></span> <span class='ocrx_word' id='word_1_87' title='bbox 460 1413 586 1466; x_wconf 88' lang='lat' dir='ltr'><strong>florentis</strong></span> <span class='ocrx_word' id='word_1_88' title='bbox 604 1416 714 1481; x_wconf 84' lang='lat' dir='ltr'><strong>aetatis,</strong></span> <span class='ocrx_word' id='word_1_89' title='bbox 729 1417 878 1485; x_wconf 84' lang='lat' dir='ltr'><strong>prudentia</strong></span> <span class='ocrx_word' id='word_1_90' title='bbox 889 1437 952 1473; x_wconf 82' lang='lat' dir='ltr'><strong>sen-</strong></span> 
     </span>
     <span class='ocr_line' id='line_1_15' title="bbox 95 1504 222 1560; baseline -0.031 0"><span class='ocrx_word' id='word_1_91' title='bbox 95 1504 222 1560; x_wconf 84' lang='lat' dir='ltr'><strong>escentis.</strong></span> 
     </span>
    </p>
   </div>
   <div class='ocr_carea' id='block_1_7' title="bbox 512 1623 579 1678">
    <p class='ocr_par' dir='ltr' id='par_1_7' title="bbox 512 1623 579 1678">
     <span class='ocr_line' id='line_1_16' title="bbox 512 1623 579 1678; baseline 0.104 -8"><span class='ocrx_word' id='word_1_92' title='bbox 512 1623 579 1678; x_wconf 86' lang='lat' dir='ltr'>VII.</span> 
     </span>
    </p>
   </div>
   <div class='ocr_carea' id='block_1_8' title="bbox 95 1766 948 2032">
    <p class='ocr_par' dir='ltr' id='par_1_8' title="bbox 95 1766 948 2032">
     <span class='ocr_line' id='line_1_17' title="bbox 95 1766 948 1835; baseline 0.002 -13"><span class='ocrx_word' id='word_1_93' title='bbox 95 1768 150 1822; x_wconf 68' lang='lat' dir='ltr'><strong>ms</strong></span> <span class='ocrx_word' id='word_1_94' title='bbox 161 1784 280 1833; x_wconf 74' lang='lat' dir='ltr'><strong>memorp</strong></span> <span class='ocrx_word' id='word_1_95' title='bbox 288 1766 344 1818; x_wconf 70' lang='lat' dir='ltr'><strong>(aaut</strong></span> <span class='ocrx_word' id='word_1_96' title='bbox 356 1766 398 1817; x_wconf 75' lang='lat' dir='ltr'><strong>tiae</strong></span> <span class='ocrx_word' id='word_1_97' title='bbox 410 1766 524 1817; x_wconf 69' lang='lat' dir='ltr'><strong>inteitrrt</strong></span> <span class='ocrx_word' id='word_1_98' title='bbox 534 1783 580 1816; x_wconf 82' lang='lat' dir='ltr'><strong>ore</strong></span> <span class='ocrx_word' id='word_1_99' title='bbox 592 1770 639 1817; x_wconf 79' lang='lat' dir='ltr'><strong>aot</strong></span> <span class='ocrx_word' id='word_1_100' title='bbox 651 1767 785 1832; x_wconf 62' lang='lat' dir='ltr'><strong>impetrat</strong></span> <span class='ocrx_word' id='word_1_101' title='bbox 796 1770 948 1835; x_wconf 75' lang='lat' dir='ltr'><strong>isstudious</strong></span> 
     </span>
     <span class='ocr_line' id='line_1_18' title="bbox 128 1835 944 1907; baseline 0.004 -16"><span class='ocrx_word' id='word_1_102' title='bbox 128 1838 215 1891; x_wconf 69' lang='lat' dir='ltr'><strong>assiu</strong></span> <span class='ocrx_word' id='word_1_103' title='bbox 235 1838 368 1891; x_wconf 63' lang='lat' dir='ltr'><strong>smirna.</strong></span> <span class='ocrx_word' id='word_1_104' title='bbox 419 1835 563 1902; x_wconf 68' lang='lat' dir='ltr'><strong>Exemplis</strong></span> <span class='ocrx_word' id='word_1_105' title='bbox 587 1836 618 1902; x_wconf 78' lang='lat' dir='ltr'><strong>os</strong></span> <span class='ocrx_word' id='word_1_106' title='bbox 638 1838 703 1902; x_wconf 73' lang='lat' dir='ltr'><strong>ripert</strong></span> <span class='ocrx_word' id='word_1_107' title='bbox 723 1843 805 1905; x_wconf 81' lang='lat' dir='ltr'><strong>pocta,</strong></span> <span class='ocrx_word' id='word_1_108' title='bbox 833 1846 944 1907; x_wconf 74' lang='lat' dir='ltr'><strong>oratam,</strong></span> 
     </span>
     <span class='ocr_line' id='line_1_19' title="bbox 124 1906 948 1978; baseline 0.004 -20"><span class='ocrx_word' id='word_1_109' title='bbox 124 1908 313 1978; x_wconf 66' lang='lat' dir='ltr'><strong>ptitoamhma</strong></span> <span class='ocrx_word' id='word_1_110' title='bbox 339 1906 420 1959; x_wconf 67' lang='lat' dir='ltr'><strong>rohons</strong></span> <span class='ocrx_word' id='word_1_111' title='bbox 441 1907 561 1971; x_wconf 59' lang='lat' dir='ltr'><strong>superous</strong></span> <span class='ocrx_word' id='word_1_112' title='bbox 581 1908 691 1973; x_wconf 67' lang='lat' dir='ltr'><strong>possuit</strong></span> <span class='ocrx_word' id='word_1_113' title='bbox 713 1908 744 1974; x_wconf 86' lang='lat' dir='ltr'><strong>of</strong></span> <span class='ocrx_word' id='word_1_114' title='bbox 761 1908 831 1961; x_wconf 72' lang='lat' dir='ltr'><strong>their</strong></span> <span class='ocrx_word' id='word_1_115' title='bbox 850 1913 948 1964; x_wconf 79' lang='lat' dir='ltr'><strong>studies</strong></span> 
     </span>
     <span class='ocr_line' id='line_1_20' title="bbox 127 1977 517 2032; baseline -0.005 0"><span class='ocrx_word' id='word_1_116' title='bbox 127 1996 184 2032; x_wconf 76' lang='lat' dir='ltr'><strong>was</strong></span> <span class='ocrx_word' id='word_1_117' title='bbox 194 1978 281 2031; x_wconf 73' lang='lat' dir='ltr'><strong>coavat</strong></span> <span class='ocrx_word' id='word_1_118' title='bbox 293 1977 357 2030; x_wconf 73' lang='lat' dir='ltr'><strong>with</strong></span> <span class='ocrx_word' id='word_1_119' title='bbox 370 1977 439 2029; x_wconf 70' lang='lat' dir='ltr'><strong>timis</strong></span> <span class='ocrx_word' id='word_1_120' title='bbox 449 1977 517 2029; x_wconf 69' lang='lat' dir='ltr'><strong>lima.</strong></span> 
     </span>
    </p>
   </div>
   <div class='ocr_carea' id='block_1_9' title="bbox 62 2117 989 2977">
    <p class='ocr_par' dir='ltr' id='par_1_9' title="bbox 87 2117 989 2540">
     <span class='ocr_line' id='line_1_21' title="bbox 128 2117 989 2183; baseline 0.006 -11"><span class='ocrx_word' id='word_1_121' title='bbox 128 2123 166 2173; x_wconf 79' lang='lat' dir='ltr'><strong>nt</strong></span> <span class='ocrx_word' id='word_1_122' title='bbox 196 2118 330 2172; x_wconf 86' lang='lat' dir='ltr'><strong>momoria</strong></span> <span class='ocrx_word' id='word_1_123' title='bbox 359 2117 659 2183; x_wconf 69' lang='lat' dir='ltr'><strong>minuitur—Credo,</strong></span> <span class='ocrx_word' id='word_1_124' title='bbox 691 2119 746 2170; x_wconf 88' lang='lat' dir='ltr'><strong>nisi</strong></span> <span class='ocrx_word' id='word_1_125' title='bbox 776 2137 837 2172; x_wconf 82' lang='lat' dir='ltr'><strong>eam</strong></span> <span class='ocrx_word' id='word_1_126' title='bbox 868 2139 945 2175; x_wconf 86' lang='lat' dir='ltr'><strong>exer·</strong></span> <span class='ocrx_word' id='word_1_127' title='bbox 958 2125 989 2177; x_wconf 76' lang='lat'><strong>21</strong></span> 
     </span>
     <span class='ocr_line' id='line_1_22' title="bbox 90 2205 944 2275; baseline 0.001 -13"><span class='ocrx_word' id='word_1_128' title='bbox 90 2226 162 2275; x_wconf 73' lang='lat' dir='ltr'><strong>cess,</strong></span> <span class='ocrx_word' id='word_1_129' title='bbox 176 2212 227 2261; x_wconf 83' lang='lat' dir='ltr'><strong>aut</strong></span> <span class='ocrx_word' id='word_1_130' title='bbox 237 2206 262 2259; x_wconf 90' lang='lat' dir='ltr'><strong>si</strong></span> <span class='ocrx_word' id='word_1_131' title='bbox 278 2206 316 2259; x_wconf 85' lang='lat' dir='ltr'><strong>sis</strong></span> <span class='ocrx_word' id='word_1_132' title='bbox 334 2214 437 2258; x_wconf 83' lang='lat' dir='ltr'><strong>natura</strong></span> <span class='ocrx_word' id='word_1_133' title='bbox 454 2205 567 2258; x_wconf 80' lang='lat' dir='ltr'><strong>tardior.</strong></span> <span class='ocrx_word' id='word_1_134' title='bbox 608 2206 808 2260; x_wconf 86' lang='lat' dir='ltr'><strong>Themistocles</strong></span> <span class='ocrx_word' id='word_1_135' title='bbox 821 2211 944 2263; x_wconf 91' lang='lat' dir='ltr'><strong>omnium</strong></span> 
     </span>
     <span class='ocr_line' id='line_1_23' title="bbox 89 2293 944 2363; baseline 0.001 -13"><span class='ocrx_word' id='word_1_136' title='bbox 89 2296 194 2351; x_wconf 87' lang='lat' dir='ltr'><strong>civium</strong></span> <span class='ocrx_word' id='word_1_137' title='bbox 217 2299 380 2363; x_wconf 78' lang='lat' dir='ltr'><strong>perceperat</strong></span> <span class='ocrx_word' id='word_1_138' title='bbox 396 2293 529 2345; x_wconf 85' lang='lat' dir='ltr'><strong>nomina:</strong></span> <span class='ocrx_word' id='word_1_139' title='bbox 549 2310 618 2345; x_wconf 90' lang='lat' dir='ltr'><strong>num</strong></span> <span class='ocrx_word' id='word_1_140' title='bbox 637 2294 724 2360; x_wconf 81' lang='lat' dir='ltr'><strong>igitur</strong></span> <span class='ocrx_word' id='word_1_141' title='bbox 745 2298 865 2349; x_wconf 87' lang='lat' dir='ltr'><strong>censetis</strong></span> <span class='ocrx_word' id='word_1_142' title='bbox 881 2316 944 2351; x_wconf 83' lang='lat' dir='ltr'><strong>cum</strong></span> 
     </span>
     <span class='ocr_line' id='line_1_24' title="bbox 87 2381 943 2456; baseline 0 -18"><span class='ocrx_word' id='word_1_143' title='bbox 87 2400 177 2456; x_wconf 82' lang='lat' dir='ltr'><strong>quum</strong></span> <span class='ocrx_word' id='word_1_144' title='bbox 193 2387 287 2437; x_wconf 66' lang='lat' dir='ltr'><strong>aetite</strong></span> <span class='ocrx_word' id='word_1_145' title='bbox 305 2381 492 2450; x_wconf 79' lang='lat' dir='ltr'><strong>processisset,</strong></span> <span class='ocrx_word' id='word_1_146' title='bbox 507 2381 556 2449; x_wconf 83' lang='lat' dir='ltr'><strong>qui</strong></span> <span class='ocrx_word' id='word_1_147' title='bbox 570 2382 708 2434; x_wconf 83' lang='lat' dir='ltr'><strong>Aristides</strong></span> <span class='ocrx_word' id='word_1_148' title='bbox 728 2390 801 2435; x_wconf 85' lang='lat' dir='ltr'><strong>esset</strong></span> <span class='ocrx_word' id='word_1_149' title='bbox 821 2384 943 2452; x_wconf 80' lang='lat' dir='ltr'><strong>Lysima-</strong></span> 
     </span>
     <span class='ocr_line' id='line_1_25' title="bbox 87 2469 940 2540; baseline 0 -13"><span class='ocrx_word' id='word_1_150' title='bbox 87 2474 172 2527; x_wconf 86' lang='lat' dir='ltr'><strong>chum</strong></span> <span class='ocrx_word' id='word_1_151' title='bbox 185 2472 307 2525; x_wconf 69' lang='lat' dir='ltr'><strong>salutare</strong></span> <span class='ocrx_word' id='word_1_152' title='bbox 319 2469 451 2522; x_wconf 77' lang='lat' dir='ltr'><strong>solitum?</strong></span> <span class='ocrx_word' id='word_1_153' title='bbox 488 2469 626 2537; x_wconf 80' lang='lat' dir='ltr'><strong>Equidem</strong></span> <span class='ocrx_word' id='word_1_154' title='bbox 640 2488 697 2522; x_wconf 90' lang='lat' dir='ltr'><strong>uon</strong></span> <span class='ocrx_word' id='word_1_155' title='bbox 711 2471 793 2524; x_wconf 90' lang='lat' dir='ltr'><strong>modo</strong></span> <span class='ocrx_word' id='word_1_156' title='bbox 807 2476 940 2540; x_wconf 76' lang='lat' dir='ltr'><strong>sessori,</strong></span> 
     </span>
    </p>

    <p class='ocr_par' dir='ltr' id='par_1_10' title="bbox 62 2554 943 2977">
     <span class='ocr_line' id='line_1_26' title="bbox 62 2554 943 2633; baseline 0 -19"><span class='ocrx_word' id='word_1_157' title='bbox 62 2554 69 2563; x_wconf 76' lang='lat'>&#39;</span> <span class='ocrx_word' id='word_1_158' title='bbox 86 2562 138 2633; x_wconf 86' lang='lat' dir='ltr'><strong>qui</strong></span> <span class='ocrx_word' id='word_1_159' title='bbox 148 2564 234 2623; x_wconf 88' lang='lat' dir='ltr'><strong>suut;</strong></span> <span class='ocrx_word' id='word_1_160' title='bbox 251 2558 303 2611; x_wconf 85' lang='lat' dir='ltr'><strong>sed</strong></span> <span class='ocrx_word' id='word_1_161' title='bbox 314 2575 408 2611; x_wconf 88' lang='lat' dir='ltr'><strong>eorum</strong></span> <span class='ocrx_word' id='word_1_162' title='bbox 423 2564 515 2624; x_wconf 81' lang='lat' dir='ltr'><strong>patres</strong></span> <span class='ocrx_word' id='word_1_163' title='bbox 528 2558 613 2608; x_wconf 86' lang='lat' dir='ltr'><strong>etiam</strong></span> <span class='ocrx_word' id='word_1_164' title='bbox 626 2563 654 2608; x_wconf 89' lang='lat' dir='ltr'><strong>et</strong></span> <span class='ocrx_word' id='word_1_165' title='bbox 666 2576 739 2610; x_wconf 87' lang='lat' dir='ltr'><strong>avos.</strong></span> <span class='ocrx_word' id='word_1_166' title='bbox 780 2560 840 2612; x_wconf 86' lang='lat' dir='ltr'><strong>Noc</strong></span> <span class='ocrx_word' id='word_1_167' title='bbox 852 2563 943 2630; x_wconf 88' lang='lat' dir='ltr'><strong>sepul-</strong></span> 
     </span>
     <span class='ocr_line' id='line_1_27' title="bbox 86 2644 943 2717; baseline -0.001 -14"><span class='ocrx_word' id='word_1_168' title='bbox 86 2648 236 2717; x_wconf 79' lang='lat' dir='ltr'><strong>crslegens</strong></span> <span class='ocrx_word' id='word_1_169' title='bbox 246 2662 344 2698; x_wconf 85' lang='lat' dir='ltr'><strong>vereor</strong></span> <span class='ocrx_word' id='word_1_170' title='bbox 352 2644 428 2713; x_wconf 89' lang='lat' dir='ltr'><strong>quod</strong></span> <span class='ocrx_word' id='word_1_171' title='bbox 439 2644 520 2695; x_wconf 83' lang='lat' dir='ltr'><strong>aiunt</strong></span> <span class='ocrx_word' id='word_1_172' title='bbox 533 2660 569 2695; x_wconf 88' lang='lat' dir='ltr'><strong>ne</strong></span> <span class='ocrx_word' id='word_1_173' title='bbox 581 2644 744 2695; x_wconf 87' lang='lat' dir='ltr'><strong>memoriam</strong></span> <span class='ocrx_word' id='word_1_174' title='bbox 756 2646 884 2713; x_wconf 83' lang='lat' dir='ltr'><strong>perdam:</strong></span> <span class='ocrx_word' id='word_1_175' title='bbox 898 2648 943 2702; x_wconf 88' lang='lat' dir='ltr'><strong>his</strong></span> 
     </span>
     <span class='ocr_line' id='line_1_28' title="bbox 86 2730 938 2805; baseline 0.001 -17"><span class='ocrx_word' id='word_1_176' title='bbox 86 2736 163 2791; x_wconf 80' lang='lat' dir='ltr'><strong>onim</strong></span> <span class='ocrx_word' id='word_1_177' title='bbox 180 2734 249 2805; x_wconf 85' lang='lat' dir='ltr'><strong>ipsis</strong></span> <span class='ocrx_word' id='word_1_178' title='bbox 269 2731 396 2801; x_wconf 82' lang='lat' dir='ltr'><strong>legendis</strong></span> <span class='ocrx_word' id='word_1_179' title='bbox 417 2732 447 2783; x_wconf 90' lang='lat' dir='ltr'><strong>in</strong></span> <span class='ocrx_word' id='word_1_180' title='bbox 470 2730 633 2783; x_wconf 88' lang='lat' dir='ltr'><strong>memoriam</strong></span> <span class='ocrx_word' id='word_1_181' title='bbox 651 2731 735 2784; x_wconf 87' lang='lat' dir='ltr'><strong>redeo</strong></span> <span class='ocrx_word' id='word_1_182' title='bbox 756 2740 938 2790; x_wconf 90' lang='lat' dir='ltr'><strong>mortuorum.</strong></span> 
     </span>
     <span class='ocr_line' id='line_1_29' title="bbox 84 2818 942 2892; baseline -0.001 -15"><span class='ocrx_word' id='word_1_183' title='bbox 84 2822 147 2879; x_wconf 71' lang='lat' dir='ltr'><strong>Nec</strong></span> <span class='ocrx_word' id='word_1_184' title='bbox 157 2838 226 2877; x_wconf 79' lang='lat' dir='ltr'><strong>vero</strong></span> <span class='ocrx_word' id='word_1_185' title='bbox 239 2834 409 2892; x_wconf 81' lang='lat' dir='ltr'><strong>quemquam</strong></span> <span class='ocrx_word' id='word_1_186' title='bbox 427 2835 527 2872; x_wconf 84' lang='lat' dir='ltr'><strong>senum</strong></span> <span class='ocrx_word' id='word_1_187' title='bbox 547 2818 644 2870; x_wconf 84' lang='lat' dir='ltr'><strong>audivi</strong></span> <span class='ocrx_word' id='word_1_188' title='bbox 665 2818 793 2886; x_wconf 84' lang='lat' dir='ltr'><strong>oblitum,</strong></span> <span class='ocrx_word' id='word_1_189' title='bbox 807 2838 865 2890; x_wconf 90' lang='lat' dir='ltr'><strong>quo</strong></span> <span class='ocrx_word' id='word_1_190' title='bbox 881 2822 942 2876; x_wconf 88' lang='lat' dir='ltr'><strong>loco</strong></span> 
     </span>
     <span class='ocr_line' id='line_1_30' title="bbox 83 2905 942 2977; baseline -0.002 -10"><span class='ocrx_word' id='word_1_191' title='bbox 83 2910 249 2967; x_wconf 71' lang='lat' dir='ltr'><strong>thesaurum</strong></span> <span class='ocrx_word' id='word_1_192' title='bbox 267 2906 413 2962; x_wconf 88' lang='lat' dir='ltr'><strong>obruisset.</strong></span> <span class='ocrx_word' id='word_1_193' title='bbox 454 2905 564 2972; x_wconf 87' lang='lat' dir='ltr'><strong>Omnia,</strong></span> <span class='ocrx_word' id='word_1_194' title='bbox 586 2923 657 2977; x_wconf 87' lang='lat' dir='ltr'><strong>quae</strong></span> <span class='ocrx_word' id='word_1_195' title='bbox 676 2911 785 2974; x_wconf 84' lang='lat' dir='ltr'><strong>curant,</strong></span> <span class='ocrx_word' id='word_1_196' title='bbox 808 2909 942 2965; x_wconf 82' lang='lat' dir='ltr'><strong>memine-</strong></span> 
     </span>
    </p>
   </div>
   <div class='ocr_carea' id='block_1_10' title="bbox 0 0 1268 3474">
    <p class='ocr_par' dir='ltr' id='par_1_11' title="bbox 0 0 1268 3474">
     <span class='ocr_line' id='line_1_31' title="bbox 0 0 1268 3474; baseline 0 7"><span class='ocrx_word' id='word_1_197' title='bbox 0 0 1268 3474; x_wconf 95' lang='lat' dir='ltr'><strong> </strong></span> 
     </span>
    </p>
   </div>
  </div>
 </body>
</html>
