2528 3474
520 190 591 227 CATO
608 191 713 228 masos„

168 317 212 366 est
223 331 331 369 carere:
344 313 452 367 satiatis
461 331 528 368 vero
540 320 570 368 et
582 316 700 384 expletis
712 316 865 386 jucundius
877 321 919 371 est
931 335 1025 372 carere

168 420 251 471 quam
264 403 328 455 frui.
351 402 527 472 Quamquam
536 421 593 456 non
606 410 682 457 caret
694 406 725 471 is,
739 405 855 474 quinon
868 406 1024 462 desiderat:

169 507 219 557 ego
231 506 289 541 non
302 490 459 542 desiderare
472 491 534 543 dico
553 509 613 544 esse
631 492 791 559 jucundius.
832 492 914 556 Quod
926 494 950 546 si
962 493 1024 548 istis
1036 494 1070 547 48

168 577 236 646 ipsis
248 577 439 646 voluptatibus
452 579 526 630 bona
538 583 614 630 aetas
627 579 732 631 fruitur
744 579 887 646 libentius,
903 581 1024 648 primum

169 664 291 733 parvulis
304 664 409 717 fruitur
421 665 512 729 rebus,
529 669 561 716 ut
582 664 720 718 diximus:
741 665 843 718 deinde
863 665 905 732 iis,
922 667 1024 734 quibus

168 757 305 818 senectus,
319 753 413 805 sinon
424 752 536 804 abunde
548 752 663 820 potitur.
680 770 737 804 non
750 754 864 806 omnino
876 759 959 808 caret.
982 755 1023 808 Ut

169 840 310 908 Turpione
334 840 466 893 Ambivio
488 840 575 908 magis
605 840 768 903 delectatur,
796 843 845 910 qui
874 842 904 894 in
935 843 1024 911 prima

169 947 253 981 cavea
271 934 387 996 spectat,
403 928 559 981 delectatur
577 932 670 980 tamen
684 929 777 994 etiam,
793 931 841 999 qui
860 930 890 982 in
905 931 1021 983 ultima:

169 1017 210 1069 sic
221 1014 409 1068 adolescentia
422 1015 581 1082 voluptates
603 1020 717 1083 propter
729 1016 842 1068 intuens
863 1019 949 1085 magis
968 1019 1024 1070 fcr-

169 1109 242 1156 tasse
254 1102 385 1168 laetatur,
400 1103 449 1154 sed
462 1101 619 1154 delectatur
632 1103 715 1154 etiam
729 1111 858 1155 senectus
869 1104 966 1170 procul
979 1123 1025 1167 eas

170 1195 297 1260 spectans
310 1193 428 1254 tantum,
444 1192 581 1258 quantum
594 1194 637 1241 sat
650 1194 698 1241 est.
740 1191 778 1240 At
787 1189 835 1242 illa
847 1191 945 1260 quanti
956 1199 1023 1244 sunt
1036 1194 1071 1246 49

170 1277 294 1330 animum
306 1280 446 1345 tamquam
461 1274 584 1327 emeritis
597 1275 744 1343 stipendiis
763 1276 897 1343 libidinis,
913 1278 1023 1330 ambiti-

170 1365 239 1428 onis,
256 1362 453 1425 contentionis,
470 1360 689 1426 inimicitiarum,
700 1361 887 1429 cupiditatum
900 1364 1023 1416 omnium

170 1467 264 1505 secum
283 1467 341 1502 esso
362 1465 518 1516 secumque,
541 1453 573 1498 ut
586 1447 696 1512 dicitur,
714 1449 815 1501 vivero.
856 1449 887 1503 Si
899 1467 965 1502 vero
977 1450 1024 1502 ha·

170 1539 219 1593 bet
231 1537 343 1606 aliquod
356 1541 498 1604 tamquam
512 1535 645 1602 pabulum
662 1535 748 1587 studii
767 1541 852 1604 atque
871 1536 1023 1597 doctrinae,

170 1625 243 1681 nihil
255 1629 299 1678 est
311 1624 398 1675 otiosa
411 1625 555 1674 senectute
567 1621 725 1690 jucundius.
760 1621 835 1674 Mori
848 1641 936 1692 paene
949 1624 1024 1677 vido-

170 1715 269 1768 bamus
281 1711 310 1763 in
324 1710 416 1781 studio
426 1708 591 1761 dimetiendi
602 1708 669 1760 caeli
680 1715 764 1778 atque
774 1714 865 1762 terrae
875 1709 903 1761 c.
914 1710 1024 1763 Gallum

172 1800 337 1855 familiarem
349 1797 437 1866 patris
449 1797 504 1860 tui,
518 1795 610 1863 Scipio
623 1798 627 1847 !
660 1795 776 1859 Quoties
788 1796 867 1849 illum
880 1797 929 1850 lux
942 1803 1026 1851 noctu

173 1884 278 1955 aliquid
300 1883 456 1936 describere
480 1882 645 1949 ingressum,
672 1882 782 1950 quoties
807 1899 863 1935 nox
888 1885 1025 1951 oppressit

172 1991 259 2045 quum
275 1990 356 2025 mane
368 1971 523 2038 coepisset!
562 1969 651 2033 Quam
674 1968 829 2043 delectabat
851 1988 915 2023 eum
936 1971 1026 2025 defec-

173 2064 265 2119 tiones
277 2060 343 2113 solis
355 2064 384 2112 et
396 2059 479 2110 lunae
492 2057 581 2109 multo
594 2057 747 2109 nobisante
760 2058 933 2124 praedicere!
953 2059 1026 2123 Quid
1041 2063 1074 2112 ³30

174 2152 203 2204 iu
216 2147 368 2203 levioribus
381 2145 489 2206 studiis,
506 2145 555 2197 sed
568 2149 663 2196 tamen
675 2145 783 2197 acutis?
820 2145 908 2209 Quam
926 2147 1026 2215 gaude-

174 2240 223 2293 bat
234 2234 308 2290 bello
321 2251 371 2286 suo
384 2231 492 2285 Punico
506 2232 644 2304 Naevius!
664 2249 748 2300 quam
761 2231 932 2286 Truculento
944 2234 1027 2287 Plau·

175 2328 234 2380 tus!
253 2341 337 2394 quam
350 2320 489 2374 Pseudolo
502 2322 506 2372 !
534 2319 602 2371 Vidi
616 2320 701 2371 etiam
714 2337 808 2372 senem
821 2320 949 2375 Livium:
969 2323 1025 2392 qui,

175 2430 260 2485 quum
273 2427 322 2463 sex
334 2407 414 2461 annis
427 2411 492 2459 aute
505 2424 588 2475 quam
607 2424 657 2474 ego
676 2411 759 2457 natus
771 2424 833 2458 sum
845 2407 966 2459 fabulam
981 2409 1027 2460 du-

176 2501 287 2566 cuisset,
298 2497 424 2550 Centone
434 2494 629 2562 Tuditanoque
640 2493 808 2559 consulibus,
822 2511 909 2562 usque
920 2496 955 2547 ad
964 2496 1028 2548 ado-

176 2585 338 2640 lescentiam
350 2598 440 2634 meam
452 2579 586 2648 processit
598 2583 696 2630 aetate.
738 2578 812 2642 Quid
826 2579 860 2632 de
878 2579 910 2631 P.
928 2580 1028 2634 Licinii

176 2674 267 2729 Crassi
280 2676 309 2724 et
321 2668 456 2738 pontificii
469 2671 498 2719 et
511 2666 600 2718 civilis
612 2666 684 2734 juris
696 2666 790 2717 studio
803 2666 916 2735 loquar?
933 2673 983 2720 aut
995 2669 1030 2720 do

176 2763 262 2832 hujus
288 2759 319 2812 P.
345 2755 490 2824 Scipionis,
518 2753 566 2823 qui
592 2753 635 2804 bis
659 2753 754 2820 paucis
778 2753 877 2806 diebus
900 2756 1028 2823 pontifex

177 2849 313 2903 maximus
325 2845 415 2896 factus
428 2842 488 2894 cst!
524 2839 613 2908 Atqui
626 2856 672 2891 eos
685 2856 790 2904 omnes,
801 2856 870 2908 quos
883 2857 1028 2893 commem·

177 2935 263 3000 oravi,
277 2933 322 2988 his
345 2929 446 2984 studiis
467 2927 616 2995 flagrantes
638 2943 718 2980 senos
738 2926 868 2989 vidimus
908 2926 951 2980 M.
965 2944 1031 2983 vcro
