2528 3474
410 173 480 210 caro
499 174 603 210 Maron.
879 160 913 215 77

59 315 108 350 vos
120 301 214 350 tamen
229 297 295 351 deos
307 303 446 364 verentes,
461 300 510 368 qui
532 299 604 352 hanc
625 317 736 352 omnem
748 285 912 368 ¹pulchritu-

59 386 154 438 dinem
168 390 285 437 tuentur
297 389 326 437 et
338 393 447 454 regunt,
465 387 627 439 memoriam
646 388 735 439 nostri
756 388 803 455 pie
824 388 912 439 invio

57 473 168 542 lateque
188 473 363 525 servabitis.''

450 697 563 749 XXlll.

92 872 121 925 It
140 874 163 924 is
182 871 224 924 tlte
244 872 308 939 hope
329 873 360 938 of
375 864 552 938 immortalem
571 872 629 923 tluat
648 872 735 924 mulces
763 890 821 923 mea
840 873 959 939 peiora
984 881 986 887 '

138 943 211 994 noble
223 944 340 1007 expuam.
389 943 422 992 W
421 943 471 994 lecu
484 943 524 994 tle
541 944 598 993 sorel
611 944 717 1009 (leporis
734 943 788 994 this
801 943 846 1008 life
861 944 884 995 it
897 943 959 994 then

138 1013 225 1080 beyias
244 1018 271 1064 to
284 1014 339 1064 liae.
383 1013 435 1063 l'le
451 1014 511 1064 mise
530 1013 631 1077 ulwoys
649 1014 691 1064 die
713 1013 775 1064 with
794 1013 835 1064 tlte
848 1017 957 1079 prrotrst

138 1085 323 1150 eprioaimity;
343 1084 407 1135 with
428 1083 469 1134 tire
492 1084 564 1147 locist,
589 1083 630 1134 tle
646 1084 752 1148 scolish.
806 1084 872 1135 Coto
893 1085 958 1135 raith

138 1155 243 1206 eustatie
257 1155 304 1220 joy
318 1153 388 1205 hails
401 1154 442 1205 tlte
461 1154 575 1221 plurimrs
594 1155 647 1217 dap
660 1155 691 1219 of
706 1154 791 1218 (leutii,
809 1154 884 1204 aulea
896 1154 926 1205 lie
936 1155 958 1205 is

138 1229 164 1276 to
176 1225 245 1276 leam
257 1242 275 1275 a
287 1225 406 1276 troubled
418 1225 473 1276 (rod
488 1223 582 1276 wirlsed
594 1225 676 1276 ruald
683 1225 730 1290 for
740 1224 781 1275 thr
794 1225 881 1275 elisiae
891 1242 957 1275 coms·

124 1302 199 1362 paup
212 1295 243 1360 of
251 1295 376 1360 departed
388 1295 486 1361 spirits.

90 1435 179 1503 Cyrus
198 1435 310 1503 quidem
332 1435 399 1487 haec
418 1436 553 1498 moriens;
577 1453 636 1499 nos,
653 1437 676 1486 si
695 1436 794 1500 placet,
816 1442 911 1487 nostra
923 1438 956 1488 82

56 1524 206 1577 videamus.
246 1523 337 1575 Nemo
359 1541 481 1591 unquam
506 1523 584 1589 mihi,
607 1523 708 1591 Scipio,
731 1525 911 1591 persuadebit

54 1616 104 1665 aut
129 1617 237 1680 patrem
261 1616 342 1662 tuum
367 1610 497 1662 Paullum
521 1617 570 1663 aut
594 1611 664 1663 duos
691 1629 757 1663 avos
781 1611 911 1664 Paullum

55 1704 84 1752 et
104 1701 267 1752 Africanum
289 1704 338 1750 aut
360 1699 483 1750 Africani
507 1704 616 1766 patrem
637 1705 686 1750 aut
708 1705 840 1767 patruum
861 1705 910 1752 aut

55 1788 158 1839 multos
171 1793 345 1854 praestantes
358 1787 439 1848 viros,
456 1802 525 1854 quos
538 1804 701 1838 enumerare
720 1805 777 1838 non
799 1791 842 1839 est
863 1805 910 1839 ne-

56 1895 139 1940 cesse,
156 1882 234 1926 tauta
247 1893 305 1926 esse
319 1879 441 1939 conatos,
456 1892 527 1942 quae
541 1875 576 1926 ad
596 1875 769 1942 posteritatis
792 1893 909 1927 mentor-

55 1964 110 2015 iam
123 1962 304 2030 pertinerent,
321 1962 375 2013 uisi
393 1962 486 2012 auimo
500 1967 654 2024 tremerent,
670 1962 862 2029 posteritatem
875 1964 910 2014 ad

55 2069 84 2102 se
97 2050 244 2118 pertinere.
286 2044 447 2101 sacenses.
464 2049 543 2100 utde
563 2067 606 2101 me
627 2050 687 2117 ipso
706 2049 812 2117 aliquid
835 2068 910 2102 more

55 2155 153 2190 senum
166 2137 276 2204 glorier,
290 2154 334 2188 me
346 2141 440 2188 tantos
453 2137 562 2188 labores
575 2137 690 2188 diurnos
703 2143 910 2207 nocturnosque

55 2225 130 2277 domi
143 2225 314 2291 militiaeque
333 2229 527 2290 suscepturum
540 2224 634 2289 fuisse,
651 2225 674 2275 si
696 2224 795 2276 iisdem
807 2225 910 2278 finibus

54 2312 168 2379 gloriam
195 2329 293 2373 meam,
321 2310 423 2377 quibus
448 2312 542 2375 vitam,
570 2329 658 2363 essem
689 2312 910 2366 terminaturus?

55 2399 157 2451 Nonne
170 2399 269 2450 melius
282 2398 371 2449 multo
389 2398 487 2450 fuisset
507 2399 624 2450 otiosam
644 2403 764 2450 aetatem
784 2404 813 2452 et
832 2400 908 2468 quie-

55 2492 110 2538 tam
125 2487 185 2538 sine
198 2486 256 2538 ullo
269 2486 364 2538 labore
386 2491 414 2537 et
434 2484 616 2537 contentione
638 2486 806 2537 traduceret
842 2485 906 2551 Sed,

54 2574 146 2625 nescio
169 2573 316 2641 quomodo,
341 2573 451 2624 animus
472 2571 581 2638 erigens
602 2589 631 2623 se
653 2572 845 2639 posteritatem
868 2573 908 2625 ita

53 2678 162 2728 semper
174 2660 367 2727 prospiciebat,
380 2659 459 2728 quasi
472 2676 560 2727 quum
573 2660 736 2712 excessisset
749 2677 764 2712 e
777 2661 909 2713 vitatum
923 2659 925 2661 ’

54 2747 175 2816 denique
188 2747 311 2798 victurus
324 2754 403 2798 esset.
436 2745 518 2810 Quod
530 2747 644 2815 quidem
657 2748 686 2799 ni
700 2748 739 2799 ita
752 2765 781 2800 se
794 2747 910 2801 haberet

53 2836 86 2884 ut
97 2833 183 2884 animi
196 2833 365 2884 immortales
378 2838 480 2897 essent,
495 2833 571 2885 haud
589 2833 688 2902 optimi
701 2834 838 2903 cujusque
850 2835 908 2887 ani·

53 2936 115 2971 mus
145 2920 263 2971 maxime
294 2919 330 2970 ad
359 2919 598 2972 immortalitatem
625 2919 728 2988 gloriae
759 2920 904 2974 niteretur.
