2528 3474
306 184 341 235 58
612 199 681 235 caro
701 199 817 236 rinion.-

306 322 349 374 sul
362 323 478 377 fnisset:
498 323 546 376 sed
559 322 713 376 notandum
725 324 821 392 putavi
834 322 986 378 libidinem.
1016 325 1069 380 Illo
1081 329 1155 381 enim

305 428 391 478 quoni
415 417 487 463 ossei
509 410 603 462 consul
626 411 655 462 in
677 409 769 462 Gallia
790 417 920 464 exoratus
941 413 971 464 in
992 415 1120 468 convivio
1139 422 1156 470 s‘

303 502 393 549 scorto
404 503 453 562 est,
470 503 500 550 ui
514 498 601 549 securi
615 497 711 549 feriret
730 497 851 566 aliquem
871 517 975 565 eorum,
990 502 1081 569 quiin
1095 505 1154 555 vin-

304 582 372 634 culis
385 588 476 635 essent
489 584 613 635 dzininati
626 585 666 636 rei
680 585 811 650 capitalis.
853 585 908 638 Hic
927 587 991 639 Tito
1004 590 1091 642 fratre
1103 609 1153 643 suo

304 687 425 733 censore,
441 670 489 737 qui
502 670 644 736 proximus
657 675 722 720 ante
735 687 778 721 me
791 670 890 736 iuerat,
905 671 1013 740 elapsus
1026 681 1085 727 est:
1105 678 1153 728 nii-

304 757 333 808 hi
345 774 410 809 vcro
421 762 451 809 'ct
470 757 566 808 Flacco
580 756 743 824 neutiquam
757 758 865 824 probari
880 761 972 826 potuit
986 766 1041 812 tam
1055 763 1150 831 flagiti·

303 860 350 894 osa
363 857 390 894 ee
404 849 459 894 ianr
468 843 579 910 perusta
594 842 689 906 iibido,
701 861 770 911 quaa
784 861 846 895 cum
858 846 959 914 probro
969 847 1078 916 privato
1091 869 1152 903 con-

302 931 432 999 jungeret
446 931 556 998 irnperii
570 930 695 982 dedecus.

664 1208 748 1264 XIIL

304 1473 355 1524 res
368 1471 484 1522 doctrine
497 1472 528 1535 of
546 1471 677 1537 Epicurus
698 1469 836 1536 renardus]
854 1472 981 1538 plessero.
1023 1475 1075 1530 Old
1092 1496 1152 1532 mcii

334 1560 397 1610 may
411 1543 487 1608 enjoy
500 1542 618 1608 pisitanae
631 1541 662 1607 of
670 1558 687 1592 a
700 1541 831 1593 eccelerate
843 1545 915 1596 hired

255 1701 288 1751 43
337 1698 425 1765 Saepe
437 1696 560 1749 audivia
577 1695 730 1764 majoribus
750 1702 826 1761 natu,
842 1698 890 1765 qni
910 1715 940 1751 ss
952 1717 1034 1767 porro
1052 1719 1152 1770 pucros

301 1805 317 1838 a
342 1786 454 1838 senibus
485 1782 594 1835 audisse
622 1783 759 1847 dicebant,
784 1785 878 1836 mirari
905 1785 1016 1839 solitum
1045 1789 1074 1843 0.
1101 1791 1150 1846 Fa.

301 1872 428 1936 bricium,
449 1870 532 1938 quod,
554 1887 640 1938 qnurn
665 1871 739 1936 apud
764 1888 856 1938 regern
880 1871 1020 1940 Pyrrhum
1045 1876 1151 1944 legatus

301 1964 382 2025 esset,
398 1957 521 2010 audisset
533 1973 550 2007 a
563 1954 694 2007 Thessalo
707 1955 792 2008 Cinea
802 1972 861 2011 esse
873 1960 1012 2021 quendam
1020 1963 1148 2034 Athenis,

301 2046 391 2114 quise
409 2044 562 2111 sapientem
584 2042 778 2109 profitentem
798 2060 916 2114 euinque
936 2045 1027 2100 dicere
1047 2053 1147 2119 onmia,

300 2150 370 2200 qnae
384 2131 544 2193 faceremus,
559 2129 594 2179 ad
608 2128 779 2195 voluptatem
798 2145 857 2181 esse
877 2131 1029 2186 referenda
1070 2135 1150 2200 Quod

301 2236 335 2270 ox
348 2235 380 2270 co
392 2217 537 2268 audientes
556 2214 605 2266 Μ’.
622 2214 736 2265 Onriunr
750 2220 778 2266 et
791 2215 820 2267 Τ.
838 2215 1041 2272 Coruncanium
1055 2229 1150 2291 optare

300 2304 402 2368 solitos,
417 2308 447 2353 ni
460 2302 488 2353 id
502 2301 673 2352 Sarnniiibus
687 2301 793 2368 ipsique
807 2300 915 2369 Pyrrho
925 2308 1147 2379 persuaderetur,

300 2409 355 2460 quo
369 2390 478 2442 facilius
493 2390 564 2440 rinei
577 2394 698 2455 possent,
715 2406 801 2455 quum
820 2408 849 2440 se
872 2392 1061 2460 voluptatibus
1074 2398 1150 2453 dedi.

299 2480 413 2531 dissent.
455 2476 573 2528 Vixeroi
591 2475 639 2527 Μ’.
657 2475 756 2527 Curius
769 2494 831 2528 curn
850 2466 882 2531 P.
898 2479 993 2547 Decio,
1009 2485 1057 2552 qui
1069 2489 1149 2556 quin.

299 2564 421 2635 quennio
434 2567 499 2614 anie
514 2579 575 2613 cunr
589 2560 728 2612 consulem
750 2579 779 2613 se
799 2580 849 2629 pro
871 2581 900 2616 re
920 2566 1032 2632 publica
1050 2577 1150 2640 quarto

299 2651 442 2704 consulatu
463 2650 619 2702 devoverat.
661 2648 749 2701 Norat
765 2650 883 2702 eundern
902 2652 925 2703 F
927 2653 1053 2721 abucina,
1069 2668 1150 2712 neiat

300 2738 488 2792 Coruncanius
501 2754 506 2788 :
520 2736 568 2804 qui
582 2752 668 2804 quum
682 2751 715 2786 ex
728 2752 778 2787 suu
791 2737 848 2788 rita
861 2742 920 2789 iuni
934 2757 967 2792 ex
981 2743 1050 2810 ejus,
1066 2763 1148 2814 quem
1220 2726 1230 2745 ¹

298 2827 368 2890 dieo,
388 2825 420 2877 P.
438 2822 517 2874 Decii
539 2822 613 2873 iacto
634 2821 797 2889 judicabant
819 2841 878 2876 esso
897 2827 1022 2893 profecto
1043 2831 1166 2901 aliquid·

298 2920 398 2964 natura
416 2909 563 2980 pule-hinni
586 2912 670 2978 atque
692 2908 873 2977 praeclarum,
888 2913 963 2984 quod
978 2933 1030 2970 sus
1048 2924 1149 2988 sponte
