2520 3434
223 193 258 250 78
528 207 600 245 earo
618 207 722 246 nacon

176 337 210 388 83
223 337 319 400 Quid?
336 336 412 406 quod
425 335 646 404 sapientissimus
658 335 776 404 quisque
799 335 965 406 aequissimo
984 335 1077 391 animo

223 425 350 490 moritur,
366 425 548 476 stultissimus
560 423 757 492 iniquissimo?
792 424 895 477 Nonne
908 425 987 477 vobis
1000 427 1075 478 vide·

221 517 268 564 tur
286 512 395 563 animus
409 512 441 576 is,
457 511 505 578 qui
519 511 581 578 plus
594 515 689 562 cernat
703 515 731 562 et
747 509 866 576 longius,
882 512 977 565 videre
998 531 1028 565 se
1041 513 1076 565 ad

221 600 335 652 meliora
348 598 496 666 proficisci:
518 598 679 661 dicantem,
696 599 776 666 cujus
795 598 921 649 obtusior
934 601 970 650 sit
992 601 1073 665 acies,

221 705 277 738 non
290 686 406 738 videret
441 685 580 753 Equidem
606 686 705 736 efferor
726 685 819 737 studio
841 691 934 752 patres
956 694 1071 753 vestros,

220 794 289 844 quos
311 775 384 827 colui
406 781 433 827 et
456 774 549 838 dilexi,
566 773 695 826 videndi:
716 791 806 841 neque
829 791 894 826 vero
917 792 963 826 eos
985 776 1074 828 solum

220 865 368 917 convenire
381 881 457 927 avec,
473 879 542 929 quos
564 863 623 929 ipsc
636 863 761 928 cognovi
777 862 825 913 sed
847 862 910 913 illos
931 864 1022 928 etiam,
1040 865 1075 916 de

220 952 321 1019 quibus
334 950 429 1002 audivi
442 954 470 1001 ct
492 950 545 1017 legi
567 954 593 1001 et
616 949 675 1015 ipse
687 950 844 1016 conscripsi.
886 948 947 1013 Quo
960 952 1073 1018 quidem

219 1057 263 1091 me
275 1038 494 1106 proficiscentem
507 1036 581 1087 haud
595 1053 660 1087 sane
673 1037 735 1102 quis
757 1036 838 1087 facile
851 1038 1009 1101 retraxerit,
1025 1056 1072 1091 ne-

219 1144 273 1194 que
294 1133 434 1193 tamquam
455 1124 561 1176 Peliam
583 1124 726 1176 recoxerit.
768 1123 849 1186 Quod
874 1125 898 1175 si
920 1126 983 1192 quis
1005 1125 1074 1178 deus

220 1213 287 1264 mihi
300 1213 433 1278 largiatur
447 1215 477 1262 ut
491 1229 525 1263 ex
538 1211 589 1262 hac
598 1214 690 1261 aetate
703 1227 894 1278 repuerascam
909 1217 937 1262 et
950 1211 980 1263 in
993 1214 1072 1265 cunis

219 1301 336 1367 vagiam,
352 1298 431 1350 vaide
444 1316 575 1350 recusem.
605 1297 664 1349 Nec
677 1315 743 1349 vero
756 1297 847 1363 velim,
865 1299 944 1365 quasi
957 1299 1074 1351 decurso

173 1390 207 1440 84
219 1388 317 1455 spatio,
329 1387 365 1439 ad
378 1404 499 1438 carceres
512 1403 528 1437 a
541 1386 614 1438 calce
627 1385 758 1437 revocari.
810 1384 884 1449 Quid
899 1387 974 1438 enim
988 1387 1073 1440 habet

220 1477 277 1528 vita
289 1474 446 1527 commodi?
464 1474 532 1540 quid
546 1491 603 1524 non
615 1473 709 1540 potius
730 1472 854 1525 laboris?
891 1473 946 1526 sed
971 1475 1074 1528 habeat

218 1581 303 1615 sane:
322 1561 407 1612 habet
420 1566 496 1612 certe
508 1564 603 1611 tamen
624 1563 673 1611 aut
695 1560 854 1612 satietatem
875 1567 924 1612 aut
947 1562 1068 1615 modum.

218 1650 283 1702 Non
296 1649 374 1700 lubet
387 1648 462 1699 enim
475 1647 543 1698 mihi
557 1647 700 1714 deplorare
714 1648 809 1711 vitam,
826 1647 900 1714 qued
915 1648 996 1700 multi
1011 1652 1070 1702 etii

218 1737 292 1789 docti
305 1753 386 1802 saepe
399 1736 540 1786 fecerunt:
560 1751 650 1801 neque
664 1752 708 1785 me
721 1735 822 1786 vixisse
836 1737 971 1801 poenitet,
985 1754 1071 1804 quon-

218 1826 271 1876 iam
285 1825 324 1875 ita
337 1823 394 1874 vixi
409 1827 507 1874 utnon
520 1823 625 1873 frustra
638 1839 681 1873 me
694 1827 792 1873 natum
805 1823 961 1875 existimem
975 1844 981 1886 ;
996 1829 1025 1876 ct
1038 1842 1072 1877 ex

218 1913 276 1964 vita
289 1912 328 1963 ita
340 1911 452 1962 discedo
465 1914 608 1976 tamquam
621 1927 655 1960 ex
667 1909 790 1976 hospitio
803 1927 860 1960 non
881 1915 1024 1978 tamquam
1038 1929 1073 1964 ex

218 2000 307 2052 domo.
348 1997 543 2050 Commorandi
556 1996 630 2048 enim
653 2001 752 2048 natura
774 1996 963 2049 deversorium
977 2000 1069 2064 nobis,

173 2090 206 2140 85
219 2106 276 2139 non
288 2086 434 2138 habitandi
453 2085 538 2136 dedit.
579 2082 602 2136 Ο
628 2083 799 2151 praectarum
821 2085 904 2150 diem,
927 2101 1012 2152 quum
1036 2092 1071 2139 ad

218 2175 288 2227 iilud
313 2174 439 2226 divinum
462 2173 617 2223 animorum
635 2171 782 2222 concilium
805 2178 970 2240 coetumque
992 2175 1072 2242 profi-

218 2262 302 2313 ciscar
315 2276 456 2326 quumque
475 2276 509 2310 ex
528 2258 579 2309 hac
591 2258 673 2310 turba
686 2265 714 2308 et
732 2257 888 2311 colluvione
911 2261 1070 2313 discedam!

219 2348 379 2401 Proficiscar
388 2346 463 2397 enim
470 2363 526 2397 nou
536 2350 570 2396 ad
580 2363 626 2396 eos
636 2344 726 2395 solmn
735 2346 815 2409 viros,
829 2346 863 2397 de
873 2348 975 2413 quibus
987 2350 1072 2401 anted

218 2438 296 2498 ‹lixi3
314 2451 410 2486 verum
425 2431 555 2484 etiamad
578 2432 711 2483 Catonem
727 2450 827 2496 meum,
844 2451 899 2501 quo
922 2452 1003 2487 nemo
1025 2438 1069 2489 vir

218 2524 316 2575 melior
328 2527 409 2572 natus
422 2525 472 2584 est,
489 2537 570 2570 nemo
583 2520 686 2586 pietate
705 2521 907 2585 praestantior!
947 2522 1034 2591 Cujus
1054 2543 1069 2575 a

218 2631 261 2664 me
274 2627 372 2676 corpus
392 2612 544 2659 crematum
566 2610 617 2668 est,
633 2606 707 2673 quod
731 2612 826 2657 contra
847 2608 940 2659 decuit
961 2611 997 2662 ab
1019 2611 1067 2663 illo

219 2717 329 2751 meum:
352 2697 461 2748 animas
476 2712 608 2746 veronen
628 2712 672 2746 me
685 2694 822 2758 deserens,
839 2696 887 2746 sed
910 2704 1069 2763 respectans

218 2790 247 2839 in
260 2805 292 2838 ea
304 2785 427 2852 proiecto
440 2783 500 2834 loca
512 2783 709 2850 discessitque
720 2783 788 2833 mihi
801 2783 853 2849 ipsi
867 2785 1000 2837 cernebat
1013 2804 1071 2839 esse

219 2873 394 2930 veniendum.
435 2870 524 2934 Quem
542 2887 592 2937 ego
609 2887 701 2920 meum
715 2887 808 2921 casum
821 2871 933 2924 fortiter
946 2873 1019 2925 ferre
1032 2876 1071 2925 vi·

218 2981 264 3015 sus
277 2977 357 3027 sumj
376 2976 433 3011 non
445 2975 501 3026 quo
513 2957 606 3009 auimo
619 2957 728 3023 semem,
745 2956 794 3010 sed
816 2976 859 3010 ine
874 2959 932 3027 ipse
947 2961 1071 3013 consola-
