2528 3474
324 199 362 253 5ss
630 213 703 252 earo
720 211 823 252 namn

325 357 407 408 opere
420 337 556 412 desidero.
595 339 701 392 Adsum
713 338 808 392 amicis
821 357 827 393 :
846 337 929 392 renio
942 338 970 391 iu
984 346 1109 392 senatum
1125 341 1177 392 fre·

323 444 412 496 quens
436 427 567 496 ultroque
595 428 680 479 affero
704 444 748 479 res
773 427 893 479 multum
918 438 947 479 et
971 428 1020 479 diu
1045 428 1178 494 cogitatas

324 530 425 582 easque
445 517 527 565 tueor
547 513 643 578 animi,
666 528 723 564 non
746 513 868 580 eorporis
890 513 1003 565 viribus.
1052 513 1129 578 Quae
1154 516 1176 566 si

322 599 436 669 exsequi
448 599 602 667 nequirem,
618 604 713 652 tamen
726 617 770 652 me
789 599 907 652 lectulus
927 601 1080 654 oblectaret
1099 620 1177 655 meus

322 687 426 755 eaipsa
438 688 616 754 cogitantem,
631 703 703 755 quae
724 687 781 754 jam
802 704 883 754 agere
904 705 960 739 non
982 706 1107 756 possem:
1127 689 1176 742 sed

322 779 353 825 ut
366 774 468 838 possim
481 773 548 824 facit
564 778 626 825 acta
638 773 703 825 vita.
745 772 860 840 Semper
878 775 994 826 enimin
1013 775 1057 826 his
1076 775 1176 827 studiis

321 861 517 930 laboribusque
534 861 639 913 viventi
661 878 717 912 non
738 861 907 928 intelligitur
927 863 1038 930 quando
1060 863 1175 932 obrepat

323 953 458 1015 senectus.
498 948 544 1000 Ita
563 949 664 1000 serrsim
687 948 747 999 sine
767 965 848 999 sensu
870 953 945 1000 aetas
967 950 1104 1014 senescit3
1124 969 1175 1004 nec

321 1036 414 1088 subito
425 1035 573 1103 frangitur.
589 1035 637 1087 sed
650 1034 837 1087 diuturnitate
847 1036 1035 1105 exstinguitur

688 1332 755 1388 XII.

351 1566 376 1615 3.
400 1563 469 1616 Doce
481 1563 524 1615 ott
537 1581 582 1630 ope
596 1563 697 1629 deprire
713 1581 741 1614 us
754 1563 784 1628 of
792 1561 948 1629 latrantres?

319 1651 382 1703 'stis
394 1651 417 1701 is
435 1666 472 1701 aar
485 1648 638 1716 adcontupc.
678 1648 800 1718 Notltinp
813 1651 836 1703 is
853 1668 881 1702 so
893 1650 984 1704 hostile
997 1654 1023 1704 to
1040 1651 1082 1706 tlte
1093 1654 1171 1706 mind

352 1738 383 1773 aa
390 1720 522 1789 placetne.
565 1719 661 1772 Virtam
674 1724 771 1771 cannot
783 1719 909 1773 livervilla
919 1724 1048 1788 placuere.

269 1899 304 1951 39
353 1897 487 1966 Sequitur
513 1895 597 1948 tertia
625 1895 794 1962 vituperatio
821 1899 981 1964 senectutis,
1008 1900 1084 1968 quod
1108 1919 1169 1954 eam

315 2001 407 2037 carere
435 1983 533 2036 dicunt
560 1982 758 2049 voluptatibus
816 1982 840 2036 Ο
868 1984 1040 2051 praeclarum
1067 2005 1169 2042 munus

315 2072 415 2124 aetatis
428 2070 450 2121 si
464 2068 578 2138 quidem
587 2069 616 2120 id
625 2069 717 2120 aufert
729 2067 820 2135 nobis,
829 2070 904 2138 quod
917 2072 999 2124 estin
1011 2073 1168 2128 adolescen-

315 2159 355 2211 tia
367 2157 590 2210 vitiosissimum!
621 2156 747 2223 Accipite
759 2155 841 2221 enim,
858 2158 956 2226 optimi
968 2160 1165 2231 adolescentes,

318 2252 442 2298 veterem
455 2244 610 2296 orationem
622 2243 763 2311 Archytae
784 2243 937 2306 Tarentini,
953 2250 1046 2315 magni
1065 2251 1095 2301 in
1113 2251 1168 2319 pri·

316 2334 368 2385 mis
381 2337 409 2384 et
421 2330 554 2399 praeclari
568 2329 630 2395 viri,
642 2347 714 2398 quae
727 2329 796 2381 mihi
809 2331 913 2384 tradita
925 2338 967 2386 est
979 2352 1066 2403 quum
1080 2355 1168 2393 essem

315 2419 474 2472 adolescens
493 2418 608 2470 Tarenti
628 2434 690 2469 eum
714 2416 746 2480 Q.
764 2417 895 2471 Maximo.
939 2421 1083 2475 “Nullam
1096 2427 1167 2494 capi·

315 2507 443 2560 taliorem
464 2512 578 2572 pestem,
602 2521 686 2572 quam
706 2505 828 2572 corporis
846 2505 1027 2575 voluptatem,
1049 2509 1166 2565 homini·

316 2597 367 2648 bus
388 2593 497 2646 dicebat
518 2611 535 2644 a
555 2597 656 2644 natura
676 2591 778 2658 datam,
800 2594 881 2663 cujus
899 2596 1051 2664 voluptatis
1069 2602 1167 2654 avidae

292 2706 296 2713 ·
313 2681 445 2735 libidines
463 2685 568 2732 temere
589 2685 618 2732 et
639 2679 772 2732 effrenate
785 2682 820 2733 ad
839 2682 1006 2749 potiundam
1018 2685 1166 2742 incitaren-

267 2770 303 2824 40
314 2774 368 2821 tur.
408 2767 484 2819 Hine
496 2766 601 2834 patriae
614 2765 793 2834 proditiones,
809 2767 875 2821 hine
887 2787 978 2823 rerum
993 2773 1166 2840 publicarum

314 2854 480 2914 eversiones,
504 2853 570 2904 hine
594 2869 658 2904 cum
681 2853 809 2906 hostibus
832 2855 1006 2911 clandestina
1029 2861 1167 2931 colloquia

314 2943 409 3010 nasci5
426 2939 535 2994 nullum
557 2938 678 3008 denique
697 2939 795 3007 scelus,
810 2941 920 2996 nullum
937 2945 1041 3000 mulum
1058 2949 1166 3004 lacinus

684 3039 693 3057 .
