2528 3474
197 234 211 263 u
523 189 594 224 raro
614 189 716 226 ricton
991 176 1025 225 65

171 316 221 365 ent
242 330 348 375 aurum,
364 315 508 383 imperare.
549 314 701 366 Poteratne
721 317 818 366 tantus
839 313 948 367 animus
969 333 1025 366 non

171 400 278 453 efficere
290 401 443 468 jucundam
453 401 646 453 senectutem?
671 401 727 454 Sed
740 402 821 453 venio
834 401 870 453 ad
882 401 1024 467 agricolas,

170 504 207 539 ne
218 505 235 538 a
248 489 364 555 meipso
378 488 511 540 recedam.
552 487 587 539 In
600 487 673 555 agris
693 493 773 539 erant
791 493 851 539 tum
874 493 1023 552 senatores,

169 572 199 625 id
218 578 267 638 est,
284 592 379 627 senes:
399 574 537 642 siquidem
550 574 640 625 aranti
659 573 689 624 L.
707 573 838 636 Quinctio
857 573 1023 626 Cincinnato

169 661 331 713 nuntiat-um
344 665 394 723 est,
408 678 471 711 eum
482 660 646 711 dictatorem
660 677 718 711 esse
731 662 854 714 lactum:
873 662 954 727 cujus
967 661 1021 712 dic-

169 749 268 799 tatoris
280 749 358 815 jussu
379 748 510 814 magister
523 747 649 814 equit-um
668 746 696 799 C.
715 746 849 799 Servilius
862 748 952 798 Ahala
971 747 1016 814 Sp.

169 832 302 884 Maelium
316 850 433 899 regnum
445 837 624 899 appetentem
641 837 803 899 occupatum
817 833 967 885 interemit.
996 834 1022 884 A

170 919 237 970 villa
250 919 414 970 inscitatum
424 918 634 971 arcessebantur
643 923 670 968 et
684 917 784 969 Curius
792 924 820 970 et
829 920 914 970 ceteri
923 937 1002 971 senes
1014 939 1020 972 :

169 1022 271 1073 exque
283 1006 329 1073 qui
342 1023 387 1056 cos
400 1005 574 1056 arcessebant
589 1005 697 1055 uictores
710 1005 845 1057 nominati
855 1010 928 1057 sunt.
946 1006 1022 1056 Num

168 1092 255 1160 igitur
266 1092 365 1143 horum
384 1096 512 1143 senectus
531 1091 694 1143 miserabilis
713 1092 775 1156 fuit,
792 1093 840 1159 qui
853 1110 881 1143 se
894 1093 952 1158 agri
965 1093 1021 1143 cul-

167 1180 244 1231 tioue
256 1177 452 1230 oblectabant?
488 1177 554 1229 Mea
572 1177 686 1245 quidem
707 1178 848 1229 sententia
867 1179 942 1230 liaud
964 1178 1021 1230 scio

168 1285 205 1321 an
217 1266 393 1319 ullabeatior
411 1265 498 1333 possit
517 1282 594 1316 esse:
614 1282 706 1333 neque
726 1264 815 1316 solum
836 1265 932 1329 officio,
946 1264 1021 1333 quod

167 1354 312 1406 hominum
325 1353 419 1420 generi
433 1352 560 1402 universo
571 1350 680 1401 cultura
687 1368 815 1417 tigrinum
827 1357 868 1402 est
878 1351 1016 1416 salutaris,

168 1441 218 1494 sed
230 1452 258 1495 et
270 1439 464 1501 delectatione,
479 1455 562 1506 quam
581 1438 648 1498 dixi,
669 1442 697 1490 et
717 1439 864 1490 saturitate
886 1439 1020 1507 copiaque

169 1546 262 1582 rerum
275 1527 406 1591 omnium,
422 1541 493 1592 quae
512 1525 547 1576 sd
569 1525 673 1576 victum
692 1523 846 1589 hominum,
861 1524 896 1576 ad
914 1525 1021 1578 cultum

169 1615 253 1669 etiam
265 1614 387 1666 Deorum
400 1612 543 1679 pertinent
557 1630 563 1673 ;
582 1616 614 1662 ut
626 1611 758 1679 quonium
771 1611 838 1664 haec
848 1612 962 1681 quidam
974 1612 1021 1665 de-

169 1703 302 1767 siderant,
327 1700 357 1752 in
380 1699 498 1765 gratiam
521 1700 579 1766 jam
604 1715 666 1749 cum
694 1698 836 1766 voluptate
866 1700 1020 1753 redeamus.

169 1790 285 1856 Semper
303 1787 377 1839 enim
393 1786 462 1838 boni
481 1785 639 1852 assiduique
657 1785 764 1836 domini
782 1787 886 1838 rescita
899 1786 969 1839 cella
981 1787 1020 1839 vi·

168 1875 256 1940 naria,
270 1872 379 1936 olearia,
396 1873 479 1924 etiarn
492 1871 668 1939 potensest,
683 1871 805 1939 villaque
822 1878 881 1925 tota
898 1873 1022 1940 locuples

168 1966 230 2017 estt
248 1959 371 2013 abundat
392 1974 483 2027 porco,
499 1957 596 2021 haedo,
612 1974 692 2024 agno,
707 1958 817 2025 gallina,
836 1960 917 2026 lacte,
931 1976 1018 2026 caseo,

168 2047 258 2101 melle.
297 2045 364 2099 Jsm
376 2046 489 2097 bortum
510 2045 563 2112 ipsi
581 2044 717 2111 agricolae
738 2045 887 2097 succidiam
905 2045 1021 2098 alteram

168 2134 318 2203 appellant.
358 2131 521 2185 Conditiora
541 2131 608 2183 facit
628 2131 696 2183 haec
717 2132 913 2198 supervacanei
936 2134 1020 2185 etiam

168 2223 260 2293 operis
283 2220 432 2289 aucupium
454 2223 539 2287 atque
560 2218 679 2270 venatio.
729 2218 803 2282 Quid
823 2218 858 2271 de
878 2223 1020 2286 pratorum
1033 2223 1065 2276 5?

169 2310 311 2363 viriditate
325 2311 375 2361 aut
386 2305 516 2359 arborum
529 2305 674 2356 ordinibus
686 2310 735 2356 aut
747 2306 891 2357 vincarum
905 2305 1020 2358 oliveto-

123 2429 127 2433 -
167 2412 266 2449 rumve
290 2393 381 2461 specie
404 2391 513 2444 dicaml
549 2390 633 2443 Brevi
658 2391 831 2457 praecidam:
862 2408 928 2458 agro
949 2391 1021 2443 bene

168 2480 245 2537 culto
257 2480 328 2533 nihil
345 2483 438 2549 potest
456 2495 516 2531 esse
527 2495 579 2530 nec
593 2495 644 2530 usu
665 2478 778 2530 uberius
798 2495 849 2530 nec
868 2479 959 2546 specie
979 2496 1020 2530 or-

168 2568 281 2623 natius:
299 2567 335 2619 ad
352 2583 437 2635 quern
458 2565 608 2617 fruendum
630 2581 686 2616 non
706 2564 789 2616 modo
809 2583 865 2616 non
888 2565 1018 2631 retardat,

168 2672 265 2709 verum
277 2654 363 2705 otiam
375 2652 477 2704 invitat
489 2656 573 2720 atque
585 2650 697 2704 allectat
710 2656 845 2704 senectus.
877 2652 933 2704 Ubi
947 2653 1021 2704 enim

169 2744 264 2811 potat
275 2738 325 2792 illa
333 2743 409 2791 aetas
421 2743 469 2790 aut
483 2738 617 2790 calescere
628 2738 672 2790 vel
684 2738 855 2805 apricatione
867 2739 966 2790 melius
981 2738 1022 2791 vel

167 2826 236 2897 igni,
249 2830 301 2881 aut
310 2824 433 2879 vicissim
445 2825 551 2877 umbris
563 2823 678 2893 aquisve
690 2824 848 2893 refrigerari
866 2825 1025 2878 salubrius?

169 2912 230 2963 sui
249 2910 337 2981 igitur
354 2910 475 2964 habeant
495 2927 579 2969 arma,
595 2909 650 2962 sibi
669 2927 763 2979 equos,
778 2910 831 2963 sibi
853 2909 956 2977 hastas,
972 2912 1022 2963 sibi
1037 2912 1071 2963 58

581 3022 598 3072 b
