2528 3474
420 182 490 219 osso
508 182 611 219 emron.
888 168 919 219 el

62 310 190 375 nugator.
213 306 402 377 nequeenim
415 326 449 361 ex
463 314 491 362 te
505 326 628 377 unquam
641 325 670 361 es
682 307 857 371 nobilitatus,
869 308 919 361 sed

63 412 99 448 ex
111 395 249 448 lateribus
271 401 300 449 et
320 395 432 448 lacertis
455 397 518 448 tuis.
559 396 639 448 Nihil
658 395 721 448 Sex.
738 396 835 448 Aelius
854 395 918 463 tale,

63 482 136 534 nihil
149 482 246 535 multis
264 484 345 537 annis
367 494 432 535 ante
458 484 497 536 Ti.
525 483 724 543 Coruncanius,
748 484 819 534 nihil
839 484 922 535 modo

64 570 95 622 P.
113 569 236 635 Crassus,
261 589 277 623 a
300 571 402 640 quibus
424 571 488 639 jura
509 571 616 622 civibus
641 572 919 638 praescribebantur:

63 674 183 726 quorum
197 658 332 727 usquead
345 664 502 710 extremum
515 658 644 725 spiritum
658 663 700 709 cst
713 663 844 748 proveeta
857 676 920 725 pru-

64 745 166 797 dentie
208 743 309 797 Orator
333 751 428 798 metuo
446 763 483 797 ne
509 746 668 811 languescat
693 751 854 798 senectute:
878 746 966 797 cst28

64 833 139 885 enim
151 850 253 885 munus
266 834 328 900 ejus
341 851 398 885 non
409 833 512 901 ingenii
527 833 625 895 solnm,
640 832 689 885 seii
702 833 822 885 latorum
835 834 919 885 etiarn

64 925 93 972 et
104 919 214 972 virium.
255 920 377 973 Omnino
390 938 522 973 canorum
542 922 611 972 illini
631 922 659 972 in
675 939 740 973 rece
752 921 920 989 splendescit

64 1009 158 1072 etiem,
174 1007 335 1076 nescioquo
353 1012 443 1076 pacto,
459 1008 489 1059 in
510 1014 675 1063 senectute:
694 1010 769 1077 quoii
791 1009 919 1077 equidem

63 1094 155 1147 sdhuc
167 1112 225 1146 nen
237 1094 326 1156 amisi,
343 1099 371 1145 et
384 1094 487 1146 videtis
497 1112 591 1146 annius.
627 1095 682 1146 Seii
697 1102 790 1146 tainen
804 1096 920 1147 decorus

64 1188 108 1236 est
120 1182 196 1235 senis
208 1198 299 1235 sermo
310 1181 424 1251 quietus
443 1188 471 1233 et
490 1183 631 1243 remissus
647 1182 770 1250 furitque
789 1200 920 1250 pemuepe

64 1272 124 1340 ipsa
133 1270 188 1322 sibi
196 1269 367 1323 audientiam
379 1269 477 1321 diserti
487 1271 561 1321 senis
571 1275 681 1337 compta
694 1276 722 1321 et
734 1271 810 1322 mitis
820 1273 915 1322 cretio.

63 1358 155 1423 Quam
172 1356 197 1408 si
216 1357 276 1424 ipse
294 1356 407 1424 exsequi
421 1373 551 1424 nequeas,
572 1357 660 1424 possis
684 1362 775 1409 iernen
797 1358 920 1425 Scipioni

64 1446 223 1515 praecipere
235 1447 264 1496 et
275 1430 378 1496 Laelii).
419 1442 493 1507 Quid
512 1443 586 1496 enirn
606 1443 757 1510 jucundius
777 1450 920 1496 senectute

63 1533 168 1601 stipate
188 1529 290 1583 studiis
308 1530 485 1599 juventutis?
523 1532 567 1581 An
589 1548 624 1581 ne
646 1547 691 1582 eas
711 1530 824 1598 quidem
847 1532 920 1582 vires
933 1533 967 1583 29

63 1618 202 1673 senectuti
214 1617 413 1687 relinquemus,
426 1622 457 1668 ut
469 1616 691 1669 adolescentulos
704 1618 811 1677 doceat,
826 1619 917 1670 instit-

65 1712 123 1774 uet,
132 1706 259 1760 udomne
271 1705 353 1757 officii
366 1722 467 1757 munus
479 1705 601 1756 instruet
611 1708 620 1755 'l
638 1722 694 1773 quo
707 1706 820 1773 quidem
833 1724 916 1773 opere

64 1795 134 1865 quid
156 1796 249 1863 potest
273 1810 333 1846 esse
357 1792 543 1860 praeclarius?
581 1792 654 1844 Mihi
678 1811 744 1845 vero
769 1793 819 1844 On.
837 1802 864 1845 et
883 1793 914 1845 P.

65 1882 209 1951 Scipiones
220 1885 249 1933 et
261 1879 307 1933 avi
318 1880 361 1932 tui
373 1879 437 1941 duo,
453 1878 483 1931 L.
501 1880 637 1931 Aemilius
656 1886 685 1931 et
707 1880 738 1932 P.
759 1881 913 1939 Africanus,

64 1968 200 2022 comitatu
210 1965 347 2019 nobilium
358 1966 496 2034 juvenum
508 1965 645 2017 fortunati
659 1966 845 2021 nitebantur:
866 1985 916 2020 nee

66 2056 118 2109 ulli
129 2056 265 2109 bonam
277 2053 379 2105 artium
391 2052 516 2120 magistri
530 2070 586 2104 non
598 2054 669 2105 beati
687 2055 811 2115 putandi,
824 2072 919 2122 quam-

65 2143 110 2197 vis
120 2140 317 2195 consenuerint
328 2140 402 2191 vires
420 2145 504 2207 atque
516 2139 677 2192 defecerint.
720 2142 779 2192 Etsi
794 2142 848 2193 ista
860 2143 920 2210 ipsa

65 2229 188 2285 deiectio
210 2227 312 2281 virium
335 2227 538 2279 adolescentiae
564 2229 639 2280 vitiis
667 2229 785 2280 otticitnr
810 2232 919 2297 saepius

65 2336 151 2389 quum
161 2315 314 2369 senectutis
326 2334 331 2368 :
350 2314 500 2366 libidinosi
512 2316 585 2367 enirn
606 2319 634 2367 et
655 2316 843 2383 intemperans
855 2319 920 2369 adu-

66 2404 199 2459 lescentie
217 2404 330 2455 effetum
350 2418 449 2469 eorpus
469 2401 555 2453 trudit
574 2403 718 2453 senectuti.
760 2403 848 2469 Cyrus
861 2407 919 2474 qui·
933 2406 967 2455 30

66 2494 131 2547 (lem
155 2478 230 2561 apud
249 2489 465 2557 Xenophontem
487 2506 520 2540 eo
538 2506 674 2551 sermone,
693 2508 776 2558 quem
800 2494 919 2544 moriens

67 2580 175 2647 imbuit,
189 2594 276 2647 quum
296 2575 539 2629 edniudumsunex
553 2579 633 2634 esset,
651 2581 734 2641 nogat
752 2595 781 2628 se
797 2595 917 2646 unquam

68 2666 187 2721 sensisse
197 2668 370 2719 senectutem
389 2678 467 2713 suern
486 2661 696 2713 imbecilliorem
709 2664 819 2727 factam,
836 2682 919 2733 quam

67 2751 255 2811 adolescentie
274 2750 381 2803 luisset.
421 2748 481 2817 Ego
501 2747 531 2800 L.
549 2748 697 2800 Metellum
711 2751 825 2802 memini
839 2770 915 2820 puer,

68 2842 119 2913 qni
139 2856 228 2911 quum
238 2836 423 2909 quadriennio
444 2839 508 2904 post
528 2835 648 2887 alterum
663 2837 839 2890 consulatum
852 2857 920 2908 pon-

69 2929 142 2985 cites
161 2926 298 2981 maximus
318 2926 408 2977 iectus
429 2926 511 2990 esset,
526 2922 626 2991 viginti
649 2928 677 2976 ot
696 2924 766 2976 dnos
785 2944 872 2979 emios
895 2929 920 2981 ei
