2528 3474
332 156 366 211 74
639 175 710 213 cero
730 173 832 215 nisos.

333 308 510 378 tate1n;'n0n
526 317 562 369 M.
577 317 745 378 Marcellum,
755 320 836 385 cujus
850 319 994 370 interitum
1006 337 1040 372 ne
1053 321 1185 373 crudelis-

332 404 418 456 simus
440 406 553 473 quidem
575 405 663 457 hostis
682 407 786 458 honere
806 408 965 475 sepulturae
985 426 1077 460 carere
1089 427 1185 476 passus

331 497 387 543 est:
407 492 456 543 scd
470 493 592 559 legiones
605 497 722 557 nostras,
734 494 809 562 quud
822 495 918 561 scripsi
932 495 961 545 in
974 493 1145 563 Originibus,
1155 498 1183 548 in

332 596 394 630 euni
407 597 489 646 saepe
502 579 593 630 locum
606 579 744 646 proiectas
757 580 840 632 alacri
850 582 943 633 animo
956 587 984 633 et
997 588 1096 646 erecte,
1111 584 1184 634 unde

331 684 360 718 se
373 684 516 734 nunquam
529 666 667 718 redituras
679 667 890 719 arbitrarentur.
933 668 1013 730 Quod
1033 670 1118 736 igitur
1136 672 1182 722 ad-

330 754 492 818 olescentes,
508 760 537 806 et
558 754 578 804 ii
597 742 720 822 quidenii
730 772 786 806 ncn
800 755 888 806 selum
903 755 1017 820 indocti,
1032 757 1080 808 scd
1100 758 1183 809 etium

284 845 318 899 76
331 843 435 907 rustici,
448 845 640 906 centemnunt,
656 840 686 892 id
699 839 773 892 docti
786 858 866 892 senes
880 842 1081 895 extimescunt?
1118 843 1180 897 Om-

330 930 405 993 nino,
421 935 452 980 ut
474 928 542 979 mihi
555 928 669 995 quidem
682 927 802 992 videtur,
817 928 973 980 studiorum
996 932 1118 982 omnium
1141 950 1183 984 sa-

318 1018 399 1067 tietas
413 1015 486 1067 vitae
499 1016 566 1067 facit
576 1017 741 1066 satietatem.
760 1015 831 1067 Sunt
845 1017 980 1083 pueritiae
990 1024 1066 1070 certa
1075 1019 1181 1082 studis3

329 1121 396 1155 num
410 1104 496 1166 icitur
508 1121 540 1155 ca
552 1104 713 1155 desiderant
731 1103 936 1156 adolescent-cst
973 1105 1046 1157 Sunt
1059 1107 1181 1160 ineuntis

330 1192 531 1244 arielescentiac
543 1212 549 1256 ;
563 1210 631 1243 mun
642 1209 673 1243 ea
683 1197 812 1243 constans
822 1193 880 1259 jem
891 1194 1008 1262 requirit
1018 1200 1102 1260 setas,
1111 1213 1181 1263 quae

328 1279 419 1332 media
431 1280 552 1331 dicitur?
571 1279 644 1331 Sunt
657 1279 740 1330 etiam
752 1281 838 1348 hujus
851 1283 965 1343 aetatis3
979 1299 1014 1334 nc
1024 1301 1056 1334 ea
1068 1284 1180 1351 quidem

328 1373 503 1436 qliaeruntur
514 1385 531 1418 s
542 1373 701 1419 senectute:
721 1374 786 1418 sunt
800 1374 925 1418 extrema
937 1369 1076 1436 quaedam
1089 1372 1181 1423 studia

328 1454 495 1508 senectutis:
516 1472 581 1521 erge
607 1459 638 1506 ut
654 1455 828 1522 superiorum
848 1462 973 1507 aetatum
998 1457 1092 1509 studia
1111 1459 1180 1510 ccci-

327 1545 408 1607 dunt,
435 1543 474 1594 sic
504 1542 635 1594 occidunt
666 1544 748 1595 etiam
781 1544 940 1595 senectutis.
982 1543 1063 1608 Quod
1093 1563 1178 1614 quum

327 1631 429 1695 evenit,
445 1630 558 1681 satietas
573 1629 646 1683 vitae
657 1634 768 1698 tempus
781 1634 922 1682 maturum
934 1632 1032 1684 mortis
1043 1634 1130 1686 sflert.

690 1837 770 1890 XXI.

327 2016 400 2080 Ouio,
416 2011 564 2080 intricaret
578 2012 611 2078 by
626 2011 801 2079 Pyttaqorcs,
821 2014 946 2075 Socrates,
960 2016 1049 2080 reato,
1064 2016 1178 2070 dederes

360 2086 402 2137 the
414 2084 472 2136 seul
486 2088 511 2134 to
524 2083 552 2134 be
564 2083 710 2134 immeitul.

276 2229 309 2284 77
357 2225 495 2294 Equidem
526 2240 582 2274 non
613 2223 694 2274 video
725 2239 782 2287 cur,
809 2222 878 2291 quid
909 2224 968 2291 ipse
998 2225 1116 2278 sentiam
1141 2227 1176 2281 de

324 2320 419 2378 morte,
436 2330 492 2363 non
505 2311 622 2361 audeam
636 2311 713 2361 vebis
727 2311 835 2371 ‹licere;
854 2311 930 2380 ‹liicd
949 2330 981 2364 ec
996 2313 1094 2365 melius
1107 2315 1176 2368 mihi

322 2418 435 2454 cernere
448 2399 553 2462 videor,
568 2415 623 2465 quo
637 2397 672 2448 ab
686 2415 718 2449 ea
730 2399 843 2464 propius
856 2399 961 2452 absum.
996 2399 1055 2468 Ego
1069 2417 1176 2455 vestros

322 2495 422 2557 patres,
436 2487 564 2553 P.seipio
577 2490 672 2553 tuque,
690 2485 718 2537 Ο.
729 2485 815 2548 Laeli,
829 2486 902 2538 viros
915 2488 1080 2541 clarissimos
1094 2490 1174 2543 inihi-

320 2593 375 2645 que
388 2574 566 2626 amicissimos
588 2573 681 2624 vivere
694 2573 855 2625 arbitraret
874 2591 933 2625 eam
948 2576 1060 2642 quidem
1075 2578 1171 2643 vitain,
1215 2584 1220 2593 '

319 2679 390 2732 quae
400 2666 442 2714 est
454 2661 512 2712 sola
525 2661 582 2712 vita
594 2659 771 2711 nominanda.
812 2659 885 2711 Nam
898 2660 965 2712 dum
978 2680 1074 2714 sumus
1087 2664 1116 2714 in
1130 2664 1175 2717 his

320 2749 422 2802 inclusi
434 2747 612 2815 compagibus
625 2746 755 2815 corporis,
769 2764 886 2799 munere
898 2747 1019 2816 qircdam
1028 2751 1174 2805 necessita·

317 2840 356 2893 tis
368 2842 397 2892 et
408 2836 486 2906 gravi
498 2853 581 2904 opere
590 2836 800 2904 perfungimur:
815 2840 857 2888 est
867 2836 942 2888 enim
954 2837 1064 2890 animus
1073 2839 1174 2893 caeles·

317 2926 355 2980 tis
367 2944 401 2980 ex
414 2923 549 2977 altissime
569 2921 710 2974 domicilio
723 2922 870 2990 depressus
883 2928 912 2975 et
931 2922 1009 2991 quasi
1032 2923 1175 2983 demersus
