<?xml version="1.0" encoding="UTF-8"?>
<!DOCTYPE html PUBLIC "-//W3C//DTD XHTML 1.0 Transitional//EN"
    "http://www.w3.org/TR/xhtml1/DTD/xhtml1-transitional.dtd">
<html xmlns="http://www.w3.org/1999/xhtml" xml:lang="en" lang="en">
 <head>
  <title>
</title>
<meta http-equiv="Content-Type" content="text/html;charset=utf-8" />
  <meta name='ocr-system' content='tesseract 3.04.00' />
  <meta name='ocr-capabilities' content='ocr_page ocr_carea ocr_par ocr_line ocrx_word'/>
</head>
<body>
  <div class='ocr_page' id='page_1' title='image "./ciceroscatomajo00huttgoog_0063.png"; bbox 0 0 2528 3474; ppageno 0'>
   <div class='ocr_carea' id='block_1_1' title="bbox 581 197 774 237">
    <p class='ocr_par' dir='ltr' id='par_1_1' title="bbox 581 197 774 237">
     <span class='ocr_line' id='line_1_1' title="bbox 581 197 774 237; baseline 0.016 -3"><span class='ocrx_word' id='word_1_1' title='bbox 581 197 651 235; x_wconf 70' lang='lat' dir='ltr'>meo</span> <span class='ocrx_word' id='word_1_2' title='bbox 671 198 774 237; x_wconf 72' lang='lat' dir='ltr'>moon.</span> 
     </span>
    </p>
   </div>
   <div class='ocr_carea' id='block_1_2' title="bbox 640 418 723 475">
    <p class='ocr_par' dir='ltr' id='par_1_2' title="bbox 640 418 723 475">
     <span class='ocr_line' id='line_1_2' title="bbox 640 418 723 475; baseline 0.012 -1"><span class='ocrx_word' id='word_1_3' title='bbox 640 418 723 475; x_wconf 85' lang='lat' dir='ltr'>XIV.</span> 
     </span>
    </p>
   </div>
   <div class='ocr_carea' id='block_1_3' title="bbox 284 576 1127 854">
    <p class='ocr_par' dir='ltr' id='par_1_3' title="bbox 284 576 1127 854">
     <span class='ocr_line' id='line_1_3' title="bbox 284 576 1127 646; baseline 0.001 -15"><span class='ocrx_word' id='word_1_4' title='bbox 284 576 334 631; x_wconf 73' lang='lat' dir='ltr'>Olet</span> <span class='ocrx_word' id='word_1_5' title='bbox 346 596 392 646; x_wconf 73' lang='lat' dir='ltr'>eqo</span> <span class='ocrx_word' id='word_1_6' title='bbox 406 597 468 644; x_wconf 74' lang='lat' dir='ltr'>eney</span> <span class='ocrx_word' id='word_1_7' title='bbox 480 578 542 631; x_wconf 78' lang='lat' dir='ltr'>tune</span> <span class='ocrx_word' id='word_1_8' title='bbox 555 579 596 630; x_wconf 82' lang='lat' dir='ltr'>tle</span> <span class='ocrx_word' id='word_1_9' title='bbox 607 578 740 646; x_wconf 65' lang='lat' dir='ltr'>plausores</span> <span class='ocrx_word' id='word_1_10' title='bbox 752 578 784 646; x_wconf 85' lang='lat' dir='ltr'>of</span> <span class='ocrx_word' id='word_1_11' title='bbox 792 577 832 631; x_wconf 79' lang='lat' dir='ltr'>na</span> <span class='ocrx_word' id='word_1_12' title='bbox 845 579 913 632; x_wconf 75' lang='lat' dir='ltr'>tutte</span> <span class='ocrx_word' id='word_1_13' title='bbox 926 579 955 631; x_wconf 79' lang='lat' dir='ltr'>in</span> <span class='ocrx_word' id='word_1_14' title='bbox 968 599 986 631; x_wconf 87' lang='lat' dir='ltr'><strong><em>a</em></strong></span> <span class='ocrx_word' id='word_1_15' title='bbox 997 579 1127 632; x_wconf 80' lang='lat' dir='ltr'>moderate</span> 
     </span>
     <span class='ocr_line' id='line_1_4' title="bbox 314 647 1124 718; baseline -0.001 -19"><span class='ocrx_word' id='word_1_16' title='bbox 314 647 408 715; x_wconf 74' lang='lat' dir='ltr'>deqree,</span> <span class='ocrx_word' id='word_1_17' title='bbox 431 649 488 701; x_wconf 81' lang='lat' dir='ltr'>aad</span> <span class='ocrx_word' id='word_1_18' title='bbox 508 650 532 700; x_wconf 81' lang='lat' dir='ltr'>it</span> <span class='ocrx_word' id='word_1_19' title='bbox 554 649 603 701; x_wconf 83' lang='lat' dir='ltr'>hoe</span> <span class='ocrx_word' id='word_1_20' title='bbox 624 649 666 702; x_wconf 85' lang='lat' dir='ltr'>the</span> <span class='ocrx_word' id='word_1_21' title='bbox 688 653 747 701; x_wconf 72' lang='lat' dir='ltr'>true</span> <span class='ocrx_word' id='word_1_22' title='bbox 771 650 902 716; x_wconf 67' lang='lat' dir='ltr'>pleneme</span> <span class='ocrx_word' id='word_1_23' title='bbox 923 651 954 717; x_wconf 83' lang='lat' dir='ltr'>ef</span> <span class='ocrx_word' id='word_1_24' title='bbox 968 651 1124 718; x_wconf 76' lang='lat' dir='ltr'>fettoeeahip,</span> 
     </span>
     <span class='ocr_line' id='line_1_5' title="bbox 310 718 1124 787; baseline 0.004 -17"><span class='ocrx_word' id='word_1_25' title='bbox 310 719 416 779; x_wconf 81' lang='lat' dir='ltr'>eoienee,</span> <span class='ocrx_word' id='word_1_26' title='bbox 442 718 606 786; x_wconf 81' lang='lat' dir='ltr'>authorebip.</span> <span class='ocrx_word' id='word_1_27' title='bbox 658 718 802 786; x_wconf 56' lang='lat' dir='ltr'>&amp;rann-ies</span> <span class='ocrx_word' id='word_1_28' title='bbox 820 721 852 787; x_wconf 76' lang='lat' dir='ltr'>os</span> <span class='ocrx_word' id='word_1_29' title='bbox 869 719 970 786; x_wconf 75' lang='lat' dir='ltr'>Gallus,</span> <span class='ocrx_word' id='word_1_30' title='bbox 997 720 1124 787; x_wconf 72' lang='lat' dir='ltr'>Naevius,</span> 
     </span>
     <span class='ocr_line' id='line_1_6' title="bbox 310 786 610 854; baseline 0.003 -15"><span class='ocrx_word' id='word_1_31' title='bbox 310 786 436 854; x_wconf 77' lang='lat' dir='ltr'>Plautus,</span> <span class='ocrx_word' id='word_1_32' title='bbox 451 788 506 840; x_wconf 84' lang='lat' dir='ltr'>end</span> <span class='ocrx_word' id='word_1_33' title='bbox 519 788 610 841; x_wconf 81' lang='lat' dir='ltr'>othere.</span> 
     </span>
    </p>
   </div>
   <div class='ocr_carea' id='block_1_4' title="bbox 228 926 1126 2997">
    <p class='ocr_par' dir='ltr' id='par_1_4' title="bbox 229 926 1126 2384">
     <span class='ocr_line' id='line_1_7' title="bbox 229 926 1125 996; baseline 0.002 -17"><span class='ocrx_word' id='word_1_34' title='bbox 229 928 263 979; x_wconf 83' lang='grc'>46</span> <span class='ocrx_word' id='word_1_35' title='bbox 310 926 370 994; x_wconf 81' lang='lat' dir='ltr'>Ego</span> <span class='ocrx_word' id='word_1_36' title='bbox 391 943 456 979; x_wconf 86' lang='lat' dir='ltr'>vero</span> <span class='ocrx_word' id='word_1_37' title='bbox 477 931 591 995; x_wconf 87' lang='lat' dir='ltr'>propter</span> <span class='ocrx_word' id='word_1_38' title='bbox 614 927 749 980; x_wconf 84' lang='lat' dir='ltr'>sermonis</span> <span class='ocrx_word' id='word_1_39' title='bbox 774 927 987 981; x_wconf 83' lang='lat' dir='ltr'>delectationem</span> <span class='ocrx_word' id='word_1_40' title='bbox 1008 936 1125 996; x_wconf 85' lang='lat' dir='ltr'>tempes-</span> 
     </span>
     <span class='ocr_line' id='line_1_8' title="bbox 276 1014 1126 1084; baseline 0.002 -18"><span class='ocrx_word' id='word_1_41' title='bbox 276 1014 341 1066; x_wconf 85' lang='lat' dir='ltr'>tivis</span> <span class='ocrx_word' id='word_1_42' title='bbox 366 1031 476 1083; x_wconf 87' lang='lat' dir='ltr'>quoque</span> <span class='ocrx_word' id='word_1_43' title='bbox 500 1014 635 1067; x_wconf 85' lang='lat' dir='ltr'>conviviis</span> <span class='ocrx_word' id='word_1_44' title='bbox 659 1015 790 1080; x_wconf 87' lang='lat' dir='ltr'>delector,</span> <span class='ocrx_word' id='word_1_45' title='bbox 814 1032 866 1068; x_wconf 86' lang='lat' dir='ltr'>neo</span> <span class='ocrx_word' id='word_1_46' title='bbox 884 1034 946 1068; x_wconf 91' lang='lat' dir='ltr'>cum</span> <span class='ocrx_word' id='word_1_47' title='bbox 966 1017 1126 1084; x_wconf 78' lang='lat' dir='ltr'>aequalibus</span> 
     </span>
     <span class='ocr_line' id='line_1_9' title="bbox 275 1101 1126 1170; baseline 0.002 -17"><span class='ocrx_word' id='word_1_48' title='bbox 275 1101 374 1168; x_wconf 82' lang='lat' dir='ltr'>solum,</span> <span class='ocrx_word' id='word_1_49' title='bbox 397 1102 446 1169; x_wconf 91' lang='lat' dir='ltr'>qui</span> <span class='ocrx_word' id='word_1_50' title='bbox 467 1102 547 1170; x_wconf 86' lang='lat' dir='ltr'>penei</span> <span class='ocrx_word' id='word_1_51' title='bbox 567 1101 717 1154; x_wconf 83' lang='lat' dir='ltr'><strong>admodum</strong></span> <span class='ocrx_word' id='word_1_52' title='bbox 739 1106 853 1167; x_wconf 82' lang='lat' dir='ltr'>restant,</span> <span class='ocrx_word' id='word_1_53' title='bbox 879 1103 927 1155; x_wconf 88' lang='lat' dir='ltr'>sed</span> <span class='ocrx_word' id='word_1_54' title='bbox 948 1121 1010 1155; x_wconf 86' lang='lat' dir='ltr'>eum</span> <span class='ocrx_word' id='word_1_55' title='bbox 1035 1109 1126 1155; x_wconf 82' lang='lat' dir='ltr'>vestra</span> 
     </span>
     <span class='ocr_line' id='line_1_10' title="bbox 277 1188 1124 1258; baseline 0 -17"><span class='ocrx_word' id='word_1_56' title='bbox 277 1190 360 1241; x_wconf 83' lang='lat' dir='ltr'>etiem</span> <span class='ocrx_word' id='word_1_57' title='bbox 373 1192 465 1241; x_wconf 85' lang='lat' dir='ltr'>aetate</span> <span class='ocrx_word' id='word_1_58' title='bbox 478 1192 562 1257; x_wconf 87' lang='lat' dir='ltr'>etque</span> <span class='ocrx_word' id='word_1_59' title='bbox 574 1188 715 1241; x_wconf 84' lang='lat' dir='ltr'>vobiscum</span> <span class='ocrx_word' id='word_1_60' title='bbox 728 1206 733 1240; x_wconf 81' lang='lat' dir='ltr'><strong><em>z</em></strong></span> <span class='ocrx_word' id='word_1_61' title='bbox 748 1189 891 1258; x_wconf 76' lang='lat' dir='ltr'>habeoque</span> <span class='ocrx_word' id='word_1_62' title='bbox 903 1191 1040 1242; x_wconf 79' lang='lat' dir='ltr'>senectuti</span> <span class='ocrx_word' id='word_1_63' title='bbox 1053 1208 1124 1257; x_wconf 83' lang='lat' dir='ltr'>mag-</span> 
     </span>
     <span class='ocr_line' id='line_1_11' title="bbox 276 1275 1121 1344; baseline -0.002 -16"><span class='ocrx_word' id='word_1_64' title='bbox 276 1293 340 1328; x_wconf 83' lang='lat' dir='ltr'>nem</span> <span class='ocrx_word' id='word_1_65' title='bbox 360 1275 486 1343; x_wconf 82' lang='lat' dir='ltr'><strong>gratiam,</strong></span> <span class='ocrx_word' id='word_1_66' title='bbox 510 1292 582 1344; x_wconf 78' lang='lat' dir='ltr'>quae</span> <span class='ocrx_word' id='word_1_67' title='bbox 603 1275 671 1326; x_wconf 92' lang='lat' dir='ltr'>mihi</span> <span class='ocrx_word' id='word_1_68' title='bbox 691 1276 826 1328; x_wconf 68' lang='lat' dir='ltr'>sermonis</span> <span class='ocrx_word' id='word_1_69' title='bbox 850 1276 1011 1328; x_wconf 84' lang='lat' dir='ltr'>aviditatem</span> <span class='ocrx_word' id='word_1_70' title='bbox 1035 1278 1121 1342; x_wconf 82' lang='lat' dir='ltr'>auxit,</span> 
     </span>
     <span class='ocr_line' id='line_1_12' title="bbox 277 1359 1125 1429; baseline 0.004 -17"><span class='ocrx_word' id='word_1_71' title='bbox 277 1361 400 1429; x_wconf 85' lang='lat' dir='ltr'>potionis</span> <span class='ocrx_word' id='word_1_72' title='bbox 413 1366 441 1412; x_wconf 88' lang='lat' dir='ltr'>et</span> <span class='ocrx_word' id='word_1_73' title='bbox 452 1360 506 1412; x_wconf 88' lang='lat' dir='ltr'>eibi</span> <span class='ocrx_word' id='word_1_74' title='bbox 520 1359 642 1412; x_wconf 75' lang='lat' dir='ltr'>sustulit.</span> <span class='ocrx_word' id='word_1_75' title='bbox 680 1359 760 1424; x_wconf 88' lang='lat' dir='ltr'>Quod</span> <span class='ocrx_word' id='word_1_76' title='bbox 779 1360 803 1412; x_wconf 90' lang='lat' dir='ltr'>si</span> <span class='ocrx_word' id='word_1_77' title='bbox 822 1378 904 1429; x_wconf 86' lang='lat' dir='ltr'>quem</span> <span class='ocrx_word' id='word_1_78' title='bbox 918 1363 1001 1413; x_wconf 88' lang='lat' dir='ltr'>otiam</span> <span class='ocrx_word' id='word_1_79' title='bbox 1013 1361 1065 1414; x_wconf 82' lang='lat' dir='ltr'>iste</span> <span class='ocrx_word' id='word_1_80' title='bbox 1078 1361 1125 1415; x_wconf 88' lang='lat' dir='ltr'>de·</span> 
     </span>
     <span class='ocr_line' id='line_1_13' title="bbox 275 1445 1122 1515; baseline 0.002 -17"><span class='ocrx_word' id='word_1_81' title='bbox 275 1448 389 1512; x_wconf 79' lang='lat' dir='ltr'>lentant,</span> <span class='ocrx_word' id='word_1_82' title='bbox 405 1464 440 1499; x_wconf 91' lang='lat' dir='ltr'>ne</span> <span class='ocrx_word' id='word_1_83' title='bbox 453 1446 566 1498; x_wconf 90' lang='lat' dir='ltr'>omnino</span> <span class='ocrx_word' id='word_1_84' title='bbox 586 1445 691 1498; x_wconf 87' lang='lat' dir='ltr'>bellum</span> <span class='ocrx_word' id='word_1_85' title='bbox 710 1445 843 1498; x_wconf 79' lang='lat' dir='ltr'>indixisse</span> <span class='ocrx_word' id='word_1_86' title='bbox 864 1447 958 1499; x_wconf 83' lang='lat' dir='ltr'>videar</span> <span class='ocrx_word' id='word_1_87' title='bbox 976 1447 1122 1515; x_wconf 80' lang='lat' dir='ltr'>voluptati,</span> 
     </span>
     <span class='ocr_line' id='line_1_14' title="bbox 273 1532 1122 1602; baseline 0.001 -16"><span class='ocrx_word' id='word_1_88' title='bbox 273 1534 353 1602; x_wconf 87' lang='lat' dir='ltr'>eujus</span> <span class='ocrx_word' id='word_1_89' title='bbox 366 1537 409 1585; x_wconf 83' lang='lat' dir='ltr'>est</span> <span class='ocrx_word' id='word_1_90' title='bbox 420 1532 504 1584; x_wconf 87' lang='lat' dir='ltr'>etiam</span> <span class='ocrx_word' id='word_1_91' title='bbox 517 1533 633 1584; x_wconf 84' lang='lat' dir='ltr'>fortasse</span> <span class='ocrx_word' id='word_1_92' title='bbox 646 1532 759 1599; x_wconf 83' lang='lat' dir='ltr'>quidem</span> <span class='ocrx_word' id='word_1_93' title='bbox 778 1532 912 1584; x_wconf 81' lang='lat' dir='ltr'>naturalis</span> <span class='ocrx_word' id='word_1_94' title='bbox 935 1538 1026 1586; x_wconf 90' lang='lat' dir='ltr'>metus</span> <span class='ocrx_word' id='word_1_95' title='bbox 1040 1553 1046 1598; x_wconf 90' lang='lat'><strong>;</strong></span> <span class='ocrx_word' id='word_1_96' title='bbox 1065 1552 1122 1587; x_wconf 90' lang='lat' dir='ltr'>non</span> 
     </span>
     <span class='ocr_line' id='line_1_15' title="bbox 273 1619 1124 1688; baseline 0.001 -15"><span class='ocrx_word' id='word_1_97' title='bbox 273 1620 399 1688; x_wconf 77' lang='lat' dir='ltr'>intelligo</span> <span class='ocrx_word' id='word_1_98' title='bbox 413 1637 448 1671; x_wconf 87' lang='lat' dir='ltr'>ne</span> <span class='ocrx_word' id='word_1_99' title='bbox 468 1620 498 1670; x_wconf 90' lang='lat' dir='ltr'>in</span> <span class='ocrx_word' id='word_1_100' title='bbox 519 1619 580 1671; x_wconf 82' lang='lat' dir='ltr'>istie</span> <span class='ocrx_word' id='word_1_101' title='bbox 599 1619 712 1686; x_wconf 85' lang='lat' dir='ltr'>quidem</span> <span class='ocrx_word' id='word_1_102' title='bbox 732 1619 923 1687; x_wconf 84' lang='lat' dir='ltr'>voluptatibus</span> <span class='ocrx_word' id='word_1_103' title='bbox 944 1621 1010 1688; x_wconf 85' lang='lat' dir='ltr'>ipsis</span> <span class='ocrx_word' id='word_1_104' title='bbox 1032 1639 1124 1674; x_wconf 82' lang='lat' dir='ltr'>carere</span> 
     </span>
     <span class='ocr_line' id='line_1_16' title="bbox 273 1705 1124 1774; baseline 0 -13"><span class='ocrx_word' id='word_1_105' title='bbox 273 1725 354 1761; x_wconf 88' lang='lat' dir='ltr'>sensu</span> <span class='ocrx_word' id='word_1_106' title='bbox 368 1711 546 1759; x_wconf 85' lang='lat' dir='ltr'>senectutem.</span> <span class='ocrx_word' id='word_1_107' title='bbox 587 1705 635 1757; x_wconf 88' lang='lat' dir='ltr'>Me</span> <span class='ocrx_word' id='word_1_108' title='bbox 649 1723 714 1758; x_wconf 83' lang='lat' dir='ltr'>vere</span> <span class='ocrx_word' id='word_1_109' title='bbox 736 1710 764 1758; x_wconf 84' lang='lat' dir='ltr'>et</span> <span class='ocrx_word' id='word_1_110' title='bbox 785 1706 944 1774; x_wconf 79' lang='lat' dir='ltr'>magisteria</span> <span class='ocrx_word' id='word_1_111' title='bbox 957 1707 1096 1761; x_wconf 88' lang='lat' dir='ltr'>delectant</span> <span class='ocrx_word' id='word_1_112' title='bbox 1108 1727 1124 1761; x_wconf 86' lang='lat' dir='ltr'>a</span> 
     </span>
     <span class='ocr_line' id='line_1_17' title="bbox 275 1792 1125 1867; baseline 0.002 -21"><span class='ocrx_word' id='word_1_113' title='bbox 275 1794 426 1867; x_wconf 76' lang='lat' dir='ltr'>inejoribns</span> <span class='ocrx_word' id='word_1_114' title='bbox 440 1793 584 1855; x_wconf 79' lang='lat' dir='ltr'>instituto;</span> <span class='ocrx_word' id='word_1_115' title='bbox 605 1797 634 1844; x_wconf 82' lang='lat' dir='ltr'>et</span> <span class='ocrx_word' id='word_1_116' title='bbox 652 1793 677 1844; x_wconf 82' lang='lat' dir='ltr'>is</span> <span class='ocrx_word' id='word_1_117' title='bbox 694 1809 792 1858; x_wconf 87' lang='lat' dir='ltr'>sermo,</span> <span class='ocrx_word' id='word_1_118' title='bbox 808 1792 857 1860; x_wconf 91' lang='lat' dir='ltr'>qui</span> <span class='ocrx_word' id='word_1_119' title='bbox 870 1810 945 1845; x_wconf 87' lang='lat' dir='ltr'>more</span> <span class='ocrx_word' id='word_1_120' title='bbox 959 1795 1095 1863; x_wconf 84' lang='lat' dir='ltr'>majorum</span> <span class='ocrx_word' id='word_1_121' title='bbox 1107 1813 1125 1848; x_wconf 83' lang='lat' dir='ltr'>a</span> 
     </span>
     <span class='ocr_line' id='line_1_18' title="bbox 274 1870 1124 1949; baseline 0.001 -16"><span class='ocrx_word' id='word_1_122' title='bbox 274 1870 380 1934; x_wconf 80' lang='lat' dir='ltr'>summo</span> <span class='ocrx_word' id='word_1_123' title='bbox 394 1879 542 1932; x_wconf 78' lang='lat' dir='ltr'>adhibetur</span> <span class='ocrx_word' id='word_1_124' title='bbox 555 1880 585 1931; x_wconf 90' lang='lat' dir='ltr'>in</span> <span class='ocrx_word' id='word_1_125' title='bbox 603 1879 728 1947; x_wconf 75' lang='lat' dir='ltr'>poculis;</span> <span class='ocrx_word' id='word_1_126' title='bbox 747 1883 777 1931; x_wconf 87' lang='lat' dir='ltr'>et</span> <span class='ocrx_word' id='word_1_127' title='bbox 788 1879 895 1946; x_wconf 74' lang='lat' dir='ltr'>pocula,</span> <span class='ocrx_word' id='word_1_128' title='bbox 911 1881 982 1932; x_wconf 83' lang='lat' dir='ltr'>sieut</span> <span class='ocrx_word' id='word_1_129' title='bbox 1003 1882 1033 1933; x_wconf 92' lang='lat' dir='ltr'>in</span> <span class='ocrx_word' id='word_1_130' title='bbox 1052 1900 1124 1949; x_wconf 71' lang='lat' dir='ltr'>sym·</span> 
     </span>
     <span class='ocr_line' id='line_1_19' title="bbox 274 1966 1123 2037; baseline 0.002 -18"><span class='ocrx_word' id='word_1_131' title='bbox 274 1968 351 2037; x_wconf 87' lang='lat' dir='ltr'>pnsio</span> <span class='ocrx_word' id='word_1_132' title='bbox 364 1966 561 2034; x_wconf 78' lang='lat' dir='ltr'>Xenophontis</span> <span class='ocrx_word' id='word_1_133' title='bbox 580 1971 622 2018; x_wconf 85' lang='lat' dir='ltr'>est</span> <span class='ocrx_word' id='word_1_134' title='bbox 643 1966 751 2016; x_wconf 86' lang='lat' dir='ltr'>minuta</span> <span class='ocrx_word' id='word_1_135' title='bbox 770 1970 855 2033; x_wconf 85' lang='lat' dir='ltr'>atquo</span> <span class='ocrx_word' id='word_1_136' title='bbox 874 1968 1016 2031; x_wconf 57' lang='lat' dir='ltr'>soranum</span> <span class='ocrx_word' id='word_1_137' title='bbox 1036 1974 1064 2020; x_wconf 89' lang='lat' dir='ltr'>et</span> <span class='ocrx_word' id='word_1_138' title='bbox 1083 1986 1123 2021; x_wconf 85' lang='lat' dir='ltr'>re-</span> 
     </span>
     <span class='ocr_line' id='line_1_20' title="bbox 273 2051 1119 2123; baseline -0.002 -15"><span class='ocrx_word' id='word_1_139' title='bbox 273 2055 416 2123; x_wconf 77' lang='lat' dir='ltr'>frigeratio</span> <span class='ocrx_word' id='word_1_140' title='bbox 428 2058 533 2105; x_wconf 84' lang='lat' dir='ltr'>aestate</span> <span class='ocrx_word' id='word_1_141' title='bbox 546 2058 572 2104; x_wconf 89' lang='lat' dir='ltr'>et</span> <span class='ocrx_word' id='word_1_142' title='bbox 588 2052 706 2103; x_wconf 87' lang='lat' dir='ltr'>vicissim</span> <span class='ocrx_word' id='word_1_143' title='bbox 719 2057 768 2104; x_wconf 86' lang='lat' dir='ltr'>aut</span> <span class='ocrx_word' id='word_1_144' title='bbox 780 2051 821 2103; x_wconf 91' lang='lat' dir='ltr'>sol</span> <span class='ocrx_word' id='word_1_145' title='bbox 833 2057 882 2104; x_wconf 85' lang='lat' dir='ltr'>aut</span> <span class='ocrx_word' id='word_1_146' title='bbox 894 2053 966 2119; x_wconf 78' lang='lat' dir='ltr'>iguis</span> <span class='ocrx_word' id='word_1_147' title='bbox 979 2054 1119 2107; x_wconf 86' lang='lat' dir='ltr'>hibernus.</span> 
     </span>
     <span class='ocr_line' id='line_1_21' title="bbox 275 2139 1122 2210; baseline -0.001 -15"><span class='ocrx_word' id='word_1_148' title='bbox 275 2142 351 2206; x_wconf 81' lang='lat' dir='ltr'>Quae</span> <span class='ocrx_word' id='word_1_149' title='bbox 369 2140 482 2210; x_wconf 89' lang='lat' dir='ltr'>quidem</span> <span class='ocrx_word' id='word_1_150' title='bbox 501 2139 584 2192; x_wconf 84' lang='lat' dir='ltr'>etiam</span> <span class='ocrx_word' id='word_1_151' title='bbox 605 2140 634 2190; x_wconf 91' lang='lat' dir='ltr'>in</span> <span class='ocrx_word' id='word_1_152' title='bbox 656 2139 766 2191; x_wconf 82' lang='lat' dir='ltr'>Sabinis</span> <span class='ocrx_word' id='word_1_153' title='bbox 786 2139 914 2208; x_wconf 81' lang='lat' dir='ltr'>persequi</span> <span class='ocrx_word' id='word_1_154' title='bbox 936 2140 1010 2192; x_wconf 85' lang='lat' dir='ltr'>soleo</span> <span class='ocrx_word' id='word_1_155' title='bbox 1032 2143 1122 2194; x_wconf 86' lang='lat' dir='ltr'>convi-</span> 
     </span>
     <span class='ocr_line' id='line_1_22' title="bbox 274 2225 1123 2297; baseline -0.004 -15"><span class='ocrx_word' id='word_1_156' title='bbox 274 2231 405 2297; x_wconf 88' lang='lat' dir='ltr'>viumque</span> <span class='ocrx_word' id='word_1_157' title='bbox 418 2226 571 2280; x_wconf 84' lang='lat' dir='ltr'>vicinorum</span> <span class='ocrx_word' id='word_1_158' title='bbox 585 2225 710 2294; x_wconf 87' lang='lat' dir='ltr'>quotidie</span> <span class='ocrx_word' id='word_1_159' title='bbox 723 2225 863 2292; x_wconf 71' lang='lat' dir='ltr'>corripie03</span> <span class='ocrx_word' id='word_1_160' title='bbox 876 2225 950 2292; x_wconf 90' lang='lat' dir='ltr'>qnod</span> <span class='ocrx_word' id='word_1_161' title='bbox 963 2226 997 2278; x_wconf 90' lang='lat' dir='ltr'>ad</span> <span class='ocrx_word' id='word_1_162' title='bbox 1008 2227 1123 2279; x_wconf 88' lang='lat' dir='ltr'>multam</span> 
     </span>
     <span class='ocr_line' id='line_1_23' title="bbox 274 2313 1124 2384; baseline -0.005 -14"><span class='ocrx_word' id='word_1_163' title='bbox 274 2322 384 2370; x_wconf 84' lang='lat' dir='ltr'>noctem</span> <span class='ocrx_word' id='word_1_164' title='bbox 397 2332 480 2384; x_wconf 84' lang='lat' dir='ltr'>quern</span> <span class='ocrx_word' id='word_1_165' title='bbox 493 2315 612 2366; x_wconf 86' lang='lat' dir='ltr'>maxime</span> <span class='ocrx_word' id='word_1_166' title='bbox 625 2330 771 2380; x_wconf 79' lang='lat' dir='ltr'>possumus</span> <span class='ocrx_word' id='word_1_167' title='bbox 784 2313 859 2364; x_wconf 86' lang='lat' dir='ltr'>vario</span> <span class='ocrx_word' id='word_1_168' title='bbox 877 2330 1003 2366; x_wconf 87' lang='lat' dir='ltr'>sermone</span> <span class='ocrx_word' id='word_1_169' title='bbox 1024 2315 1124 2382; x_wconf 84' lang='lat' dir='ltr'>produ·</span> 
     </span>
    </p>

    <p class='ocr_par' dir='ltr' id='par_1_5' title="bbox 228 2400 1126 2997">
     <span class='ocr_line' id='line_1_24' title="bbox 228 2400 1124 2468; baseline -0.004 -12"><span class='ocrx_word' id='word_1_170' title='bbox 228 2408 261 2463; x_wconf 76' lang='grc'>47</span> <span class='ocrx_word' id='word_1_171' title='bbox 277 2406 371 2457; x_wconf 81' lang='lat' dir='ltr'>nimus.</span> <span class='ocrx_word' id='word_1_172' title='bbox 412 2404 451 2453; x_wconf 87' lang='lat' dir='ltr'>At</span> <span class='ocrx_word' id='word_1_173' title='bbox 463 2417 520 2453; x_wconf 90' lang='lat' dir='ltr'>non</span> <span class='ocrx_word' id='word_1_174' title='bbox 533 2408 575 2453; x_wconf 84' lang='lat' dir='ltr'>est</span> <span class='ocrx_word' id='word_1_175' title='bbox 589 2400 765 2468; x_wconf 85' lang='lat' dir='ltr'>voluptatum</span> <span class='ocrx_word' id='word_1_176' title='bbox 778 2403 856 2451; x_wconf 83' lang='lat' dir='ltr'>tanta</span> <span class='ocrx_word' id='word_1_177' title='bbox 869 2401 946 2468; x_wconf 85' lang='lat' dir='ltr'>quasi</span> <span class='ocrx_word' id='word_1_178' title='bbox 961 2401 1124 2453; x_wconf 80' lang='lat' dir='ltr'>titillationi</span> 
     </span>
     <span class='ocr_line' id='line_1_25' title="bbox 274 2486 1125 2557; baseline -0.006 -11"><span class='ocrx_word' id='word_1_179' title='bbox 274 2491 395 2546; x_wconf 82' lang='lat' dir='ltr'>senibus.</span> <span class='ocrx_word' id='word_1_180' title='bbox 435 2488 545 2541; x_wconf 84' lang='lat' dir='ltr'>Credo:</span> <span class='ocrx_word' id='word_1_181' title='bbox 573 2487 622 2539; x_wconf 85' lang='lat' dir='ltr'>sed</span> <span class='ocrx_word' id='word_1_182' title='bbox 642 2505 678 2539; x_wconf 89' lang='lat' dir='ltr'>ne</span> <span class='ocrx_word' id='word_1_183' title='bbox 698 2486 866 2539; x_wconf 82' lang='lat' dir='ltr'>desideratio</span> <span class='ocrx_word' id='word_1_184' title='bbox 884 2487 1004 2557; x_wconf 86' lang='lat' dir='ltr'>quidem.</span> <span class='ocrx_word' id='word_1_185' title='bbox 1044 2487 1125 2541; x_wconf 92' lang='lat' dir='ltr'>Nihil</span> 
     </span>
     <span class='ocr_line' id='line_1_26' title="bbox 275 2572 1121 2642; baseline -0.005 -10"><span class='ocrx_word' id='word_1_186' title='bbox 275 2582 369 2633; x_wconf 76' lang='lat' dir='ltr'>autent</span> <span class='ocrx_word' id='word_1_187' title='bbox 382 2574 538 2639; x_wconf 85' lang='lat' dir='ltr'>molestum,</span> <span class='ocrx_word' id='word_1_188' title='bbox 547 2574 621 2642; x_wconf 89' lang='lat' dir='ltr'>quod</span> <span class='ocrx_word' id='word_1_189' title='bbox 634 2590 690 2626; x_wconf 90' lang='lat' dir='ltr'>nen</span> <span class='ocrx_word' id='word_1_190' title='bbox 705 2573 849 2626; x_wconf 83' lang='lat' dir='ltr'>desideres.</span> <span class='ocrx_word' id='word_1_191' title='bbox 874 2572 951 2626; x_wconf 87' lang='lat' dir='ltr'>Bene</span> <span class='ocrx_word' id='word_1_192' title='bbox 964 2574 1121 2642; x_wconf 84' lang='lat' dir='ltr'>Sophocles,</span> 
     </span>
     <span class='ocr_line' id='line_1_27' title="bbox 275 2662 1125 2735; baseline -0.005 -17"><span class='ocrx_word' id='word_1_193' title='bbox 275 2682 362 2735; x_wconf 90' lang='lat' dir='ltr'>quum</span> <span class='ocrx_word' id='word_1_194' title='bbox 374 2680 409 2716; x_wconf 87' lang='lat' dir='ltr'>ex</span> <span class='ocrx_word' id='word_1_195' title='bbox 422 2679 454 2715; x_wconf 86' lang='lat' dir='ltr'>eo</span> <span class='ocrx_word' id='word_1_196' title='bbox 467 2662 580 2731; x_wconf 86' lang='lat' dir='ltr'>qnidam</span> <span class='ocrx_word' id='word_1_197' title='bbox 593 2662 650 2730; x_wconf 83' lang='lat' dir='ltr'>jann</span> <span class='ocrx_word' id='word_1_198' title='bbox 663 2662 761 2714; x_wconf 82' lang='lat' dir='ltr'>offecto</span> <span class='ocrx_word' id='word_1_199' title='bbox 773 2665 864 2714; x_wconf 81' lang='lat' dir='ltr'>aetate</span> <span class='ocrx_word' id='word_1_200' title='bbox 875 2667 1027 2730; x_wconf 82' lang='lat' dir='ltr'>quaereret,</span> <span class='ocrx_word' id='word_1_201' title='bbox 1037 2668 1125 2714; x_wconf 85' lang='lat' dir='ltr'>utere-</span> 
     </span>
     <span class='ocr_line' id='line_1_28' title="bbox 275 2746 1126 2816; baseline -0.006 -10"><span class='ocrx_word' id='word_1_202' title='bbox 275 2757 360 2806; x_wconf 86' lang='lat' dir='ltr'>turne</span> <span class='ocrx_word' id='word_1_203' title='bbox 380 2750 464 2803; x_wconf 82' lang='lat' dir='ltr'>rebus</span> <span class='ocrx_word' id='word_1_204' title='bbox 485 2748 625 2802; x_wconf 84' lang='lat' dir='ltr'>venereis:</span> <span class='ocrx_word' id='word_1_205' title='bbox 648 2746 963 2816; x_wconf 81' lang='lat' dir='ltr'>Diimetiore.&#39;i11quit.</span> <span class='ocrx_word' id='word_1_206' title='bbox 1002 2746 1126 2801; x_wconf 82' lang='lat' dir='ltr'>Libenter</span> 
     </span>
     <span class='ocr_line' id='line_1_29' title="bbox 274 2833 1126 2902; baseline -0.007 -10"><span class='ocrx_word' id='word_1_207' title='bbox 274 2856 333 2892; x_wconf 76' lang='lat' dir='ltr'>ecre</span> <span class='ocrx_word' id='word_1_208' title='bbox 344 2839 425 2890; x_wconf 73' lang='lat' dir='ltr'>letitie</span> <span class='ocrx_word' id='word_1_209' title='bbox 437 2837 505 2888; x_wconf 77' lang='lat' dir='ltr'>aient</span> <span class='ocrx_word' id='word_1_210' title='bbox 517 2852 535 2886; x_wconf 84' lang='lat' dir='ltr'>a</span> <span class='ocrx_word' id='word_1_211' title='bbox 547 2833 655 2886; x_wconf 83' lang='lat' dir='ltr'>domino</span> <span class='ocrx_word' id='word_1_212' title='bbox 666 2835 764 2901; x_wconf 77' lang='lat' dir='ltr'>eqresti</span> <span class='ocrx_word' id='word_1_213' title='bbox 776 2850 807 2886; x_wconf 85' lang='lat' dir='ltr'>ae</span> <span class='ocrx_word' id='word_1_214' title='bbox 813 2834 919 2900; x_wconf 81' lang='lat' dir='ltr'>furioso</span> <span class='ocrx_word' id='word_1_215' title='bbox 926 2834 1045 2902; x_wconf 69' lang='lat' dir='ltr'>proferet.</span> <span class='ocrx_word' id='word_1_216' title='bbox 1074 2834 1126 2886; x_wconf 89' lang='lat' dir='ltr'>Cn-</span> 
     </span>
     <span class='ocr_line' id='line_1_30' title="bbox 275 2919 1126 2997; baseline -0.006 -19"><span class='ocrx_word' id='word_1_217' title='bbox 275 2925 349 2997; x_wconf 80' lang='lat' dir='ltr'>pidis</span> <span class='ocrx_word' id='word_1_218' title='bbox 362 2923 437 2978; x_wconf 90' lang='lat' dir='ltr'>enim</span> <span class='ocrx_word' id='word_1_219' title='bbox 449 2938 543 2975; x_wconf 88' lang='lat' dir='ltr'>rernm</span> <span class='ocrx_word' id='word_1_220' title='bbox 555 2920 654 2973; x_wconf 76' lang='lat' dir='ltr'>talium</span> <span class='ocrx_word' id='word_1_221' title='bbox 666 2919 794 2973; x_wconf 84' lang='lat' dir='ltr'>odiosum</span> <span class='ocrx_word' id='word_1_222' title='bbox 805 2920 923 2973; x_wconf 75' lang='lat' dir='ltr'>tortasse</span> <span class='ocrx_word' id='word_1_223' title='bbox 935 2924 964 2974; x_wconf 89' lang='lat' dir='ltr'>et</span> <span class='ocrx_word' id='word_1_224' title='bbox 979 2921 1126 2974; x_wconf 88' lang='lat' dir='ltr'>molestum</span> 
     </span>
    </p>
   </div>
   <div class='ocr_carea' id='block_1_5' title="bbox 0 0 1268 3474">
    <p class='ocr_par' dir='ltr' id='par_1_6' title="bbox 0 0 1268 3474">
     <span class='ocr_line' id='line_1_31' title="bbox 0 0 1268 3474; baseline 0 0"><span class='ocrx_word' id='word_1_225' title='bbox 0 0 1268 3474; x_wconf 95' lang='lat' dir='ltr'> </span> 
     </span>
    </p>
   </div>
  </div>
 </body>
</html>
