2528 3474
470 193 543 237 erro
561 195 667 236 uiros.
939 179 974 239 6?

119 320 267 390 pondisse3
280 321 367 391 Atqui
378 338 422 392 eqo
434 324 527 377 omnm
538 323 592 376 tcta
603 338 664 375 mm
675 321 809 375 timemus
816 338 826 386 ,·
847 324 898 374 mci
910 323 974 374 suant

119 409 229 475 ordines,
246 426 304 462 mea
316 409 474 477 descriptic;
492 410 592 462 multae
611 410 693 461 etiam
710 410 826 462 vituium
844 409 971 462 arborum

119 515 179 549 ntea
190 514 274 549 mann
287 501 350 549 scut
362 502 443 549 satae.
466 497 537 549 Tum
550 496 725 563 Lysandrum
738 497 895 548 intuentem
908 513 973 563 pur·

119 601 217 652 puram
229 585 291 652 ejus
305 588 332 636 et
344 584 465 635 nitorem
483 584 605 650 corporis
627 589 812 651 ornatumque
831 584 973 636 Persicum

120 671 207 723 multo
232 688 298 722 auro
323 670 474 738 multisque
499 670 614 737 gemmis
639 670 758 721 dixisse:
780 669 841 721 Rite
863 688 919 722 vero
936 674 970 734 tc,

120 758 194 824 Cyre,
210 757 426 822 tectnmfcrnnt,
442 757 571 823 quoniam
583 757 678 807 virtuti
699 760 761 807 tuac
775 757 890 820 fortuna
913 772 971 808 con-

116 847 212 911 juncta
225 850 267 897 est.
310 844 370 896 Hac
383 845 469 911 igitur
481 845 595 895 fortuna
612 843 669 895 frui
688 844 753 895 licet
775 844 901 897 senibus:
921 862 971 897 nec
985 846 1019 896 60

119 939 194 985 uetes
207 931 325 1000 impedit
337 948 392 999 quo
411 931 503 982 minus
516 934 544 982 et
563 934 716 982 ceterarum
730 948 823 981 rerum
835 937 864 982 et
876 932 905 982 in
918 931 972 998 pri*

121 1022 173 1073 mis
186 1022 243 1086 agri
262 1019 371 1071 colendi
391 1019 485 1070 studia
508 1023 652 1070 teneumns
674 1035 760 1084 usque
782 1018 816 1070 ad
842 1019 971 1071 ultinnun

120 1115 230 1176 tempus
248 1105 406 1158 senectutis.
447 1104 487 1156 M.
505 1105 617 1173 quidem
631 1104 775 1156 Valerium
795 1105 916 1156 Corvum
930 1124 972 1159 cc·

119 1197 241 1264 cepimus
254 1193 289 1245 ad
302 1193 483 1245 centesimum
497 1209 600 1243 annum
615 1192 785 1258 pei-‹hint-se,
801 1210 886 1259 quum
901 1198 973 1245 visst

119 1288 180 1336 acta
191 1283 249 1350 jum
262 1284 353 1332 aetate
366 1281 396 1331 in
417 1281 489 1346 agris
511 1296 612 1346 eosque
635 1279 743 1330 colere„
786 1278 874 1345 Cujus
898 1281 972 1330 inter

119 1371 239 1439 primum
252 1373 280 1421 et
292 1372 401 1420 sextum
417 1364 591 1418 consulttiun
607 1383 653 1416 sex
668 1371 696 1416 et
709 1366 971 1432 q1u<n=ugi1naan11i

119 1458 316 1509 interfuerunt.
356 1455 409 1518 Ita,
432 1458 568 1522 quantum
589 1452 708 1519 spatium
732 1453 831 1504 aetatis
852 1455 972 1519 nmjnrcs

119 1545 207 1596 nostri
221 1543 256 1593 ad
269 1539 421 1593 senectutis
440 1539 552 1590 initium
571 1555 630 1589 esse
643 1538 732 1588 vulne·
743 1543 799 1601 unt,
815 1542 911 1589 tantus
931 1539 970 1590 illi

119 1647 214 1682 cursus
233 1628 370 1679 honorum
393 1625 463 1677 fuit:
489 1630 573 1692 atque
596 1625 657 1690 ejus
679 1629 803 1676 extrema
823 1629 899 1677 aetas
919 1625 972 1680 hcc

118 1717 233 1781 beatior,
249 1731 332 1782 quam
351 1713 450 1778 media,
466 1713 540 1781 quod
562 1711 734 1762 auctoritatis
756 1711 876 1764 habebat
897 1713 969 1779 plns,

119 1805 221 1858 laboris
233 1803 333 1853 minus.
373 1802 453 1867 Apex
466 1803 508 1850 est
526 1803 619 1850 auteur
638 1799 788 1849 senectutis
809 1801 966 1853 aucteritas.

120 1892 230 1956 Quanta
242 1888 298 1939 tuit
310 1886 339 1937 in
356 1884 387 1936 In
405 1883 523 1936 Caecilio
537 1882 684 1940 Metellot
709 1890 814 1951 quanta
835 1885 864 1935 in
883 1886 970 1937 Atilio
984 1887 1017 1939 61

119 1976 263 2030 Calatino!
282 1973 312 2024 in
334 1988 417 2042 quem
439 1970 509 2021 illud
531 1969 651 2036 elogium
674 1969 804 2022 unicum:
831 1970 970 2024 Plurimae

119 2063 286 2119 consentiunt
298 2063 383 2128 qentes
392 2058 490 2125 pericli
504 2058 672 2125 primarium
683 2057 768 2120 funse
781 2059 875 2108 irionem.
914 2059 970 2111 No-

118 2158 179 2205 tum
201 2154 242 2202 est
263 2163 374 2200 carmen
396 2144 514 2196 incisum
538 2144 567 2194 in
592 2143 746 2209 sepulchre.
792 2143 812 2194 J
815 2161 863 2194 ure
885 2145 970 2211 igitur

117 2239 218 2310 gravis,
232 2236 314 2304 cujus
326 2233 360 2285 de
373 2231 501 2283 laudibus
514 2231 637 2281 omnium
657 2235 725 2281 esset
747 2230 821 2281 fama
833 2232 969 2283 consenti-

118 2344 174 2382 ens.
215 2327 304 2389 Quem
316 2322 407 2372 virum
420 2336 511 2385 nuper
524 2318 555 2369 P.
570 2316 698 2368 Crassum
712 2317 870 2384 pontificem
884 2320 968 2370 maxi·

118 2432 203 2478 mum,
230 2428 313 2481 quem
337 2411 433 2476 postea
459 2405 496 2457 M.
525 2405 661 2471 Lepidum
690 2404 785 2455 eodem
817 2406 970 2458 sacerdotio

119 2501 274 2572 praeditum
288 2495 427 2549 vidimus!
464 2490 538 2555 Quid
561 2490 595 2541 dc
615 2488 713 2540 Paullo
727 2495 774 2541 :rut
787 2491 918 2543 Africano
931 2492 969 2544 lo·

116 2592 204 2661 quart
222 2589 280 2651 eut,
296 2588 328 2636 ut
340 2582 396 2652 jem
410 2584 483 2644 ante,
500 2579 535 2630 de
554 2577 700 2628 Maximo?
736 2594 853 2644 quorum
871 2595 927 2629 non
939 2578 968 2631 in

118 2674 257 2732 sententie
278 2671 376 2734 solum,
398 2668 447 2720 sed
468 2665 552 2718 etiem
574 2665 603 2716 in
617 2669 688 2715 nutu
701 2663 840 2716 residebat
850 2666 970 2717 auctori·

117 2772 166 2820 tas.
218 2760 314 2814 Habet
340 2760 477 2818 senectus,
503 2753 639 2804 honorata
666 2750 837 2817 prasertim,
862 2756 967 2803 tantam

70 2859 73 2864 “
116 2851 320 2915 auctoritatem,
333 2847 367 2898 ut
379 2861 411 2897 ea
422 2840 510 2911 pluris
531 2839 576 2905 sit,
591 2855 675 2910 quum
697 2854 792 2889 onmes
813 2838 969 2892 adolescen-

118 2944 173 2997 ticc
186 2937 352 3008 voluptates.
