2528 3474
320 168 355 216 64
624 181 696 220 otro
713 182 819 221 namu

319 324 396 377 nan
407 324 513 376 medicis
531 325 628 392 scripsi
641 342 648 379 :
667 325 702 376 de
714 341 770 393 qna
782 324 881 376 doctus
900 323 1043 376 Hesiodus
1065 342 1101 377 ne
1113 341 1173 376 ver·

273 402 278 409 ’
318 410 385 462 bum
403 410 516 479 quidem
529 410 594 462 fecit
606 426 694 478 quum
714 409 749 462 de
767 410 877 461 cultura
894 410 952 478 agri
971 410 1124 462 scriberet:
1144 413 1173 461 at

318 497 466 562 Homerus,
493 497 668 566 qui'multis‚
699 501 731 548 ut
751 497 820 548 mibi
841 497 961 562 videtur,
985 501 1051 549 ante
1072 496 1172 548 seculis

318 585 380 650 fuit,
398 585 527 637 Laertem
547 585 699 637 lenientem
720 575 988 654 desideriunn‘quod
1010 585 1137 652 capiebat
1157 603 1172 638 e

316 672 382 736 filio,
398 672 535 724 colentem
548 689 643 739 agrurn
665 678 692 724 ct
706 689 770 723 eum
783 676 982 724 stercorantem
995 673 1069 724 facit.
1112 672 1171 725 Nec

318 776 382 810 vero
396 758 534 824 segetibus
556 758 645 810 solum
660 764 688 809 et
700 758 786 825 pratis
800 764 828 808 ct
841 758 930 809 vineis
948 764 974 810 et
997 760 1117 811 arbustis
1128 777 1171 811 res

315 845 434 896 rusticae
447 845 536 896 laetae
555 850 631 910 cunt,
641 844 689 895 sed
703 843 787 895 etiam
800 845 889 895 liortis
903 850 929 895 et
944 846 1075 911 pomariis
1089 864 1094 898 :
1109 852 1169 899 turn

316 931 452 1000 pecudum
472 934 561 998 pastu,
589 931 683 998 apium
708 931 890 994 examinibus,
919 930 1018 982 florum
1043 933 1168 984 omniurn

311 1018 452 1070 varietate.
494 1017 553 1069 Noc
571 1018 739 1069 consitiones
758 1017 840 1070 modo
852 1016 1002 1083 delectant,
1018 1018 1066 1069 scd
1086 1020 1168 1071 etiam

315 1105 469 1170 insitiones,
481 1103 584 1174 quibus
595 1104 667 1157 nihil
679 1105 788 1157 invenit
800 1104 970 1173 agricultura
982 1103 1130 1158 sollertius.

329 1230 372 1405 l

317 1597 415 1652 (aratia
426 1598 483 1651 arrd
496 1596 674 1650 Cincinnatrn
685 1600 760 1664 spent
778 1595 847 1648 their
859 1595 902 1649 old
914 1615 960 1663 ape
971 1596 1001 1651 tn
1014 1597 1091 1651 rmnl
1102 1615 1167 1665 pnr-

350 1669 447 1792 ffitlsffl
465 1667 639 1735 Apricnltnre
651 1669 673 1719 is
684 1685 703 1718 o
715 1667 807 1734 fertile
818 1684 908 1720 source
920 1668 951 1735 of
964 1668 1168 1736 crtjoymcatfor

268 1882 301 1933 55
350 1878 468 1931 Possum
487 1877 616 1946 persequi
641 1875 730 1929 multa
751 1877 955 1930 oblectamenta
970 1894 1064 1931 rerum
1084 1878 1159 1931 rusti·

315 1984 430 2030 carum;
460 1965 508 2018 sed
540 1982 572 2018 ca
591 1965 659 2033 ipsa,
683 1981 755 2033 qnae
782 1964 850 2031 disi,
881 1965 966 2018 fuisse
991 1964 1083 2019 sentio
1106 1964 1166 2018 lon·

314 2054 398 2123 giora.
438 2051 592 2119 Ignoscetis
605 2056 717 2112 autcm;
735 2068 801 2103 nam
813 2058 842 2103 et
860 2051 955 2103 studio
973 2068 1066 2103 rerum
1083 2052 1165 2105 rusti·

314 2157 408 2193 carum
420 2143 567 2207 provectus
579 2154 642 2188 snm
655 2141 683 2188 et
696 2143 823 2188 senectus
836 2141 879 2188 est
891 2141 993 2189 natura
1004 2135 1146 2205 loquacior
1158 2153 1165 2187 t

315 2244 351 2279 ne
363 2226 399 2278 ab
411 2225 540 2278 omnibns
561 2241 620 2276 eam
640 2224 717 2276 vitiis
738 2224 834 2276 videar
855 2223 1003 2276 vindicare.
1044 2222 1119 2292 Ergo
1137 2223 1165 2276 in

315 2315 366 2366 hac
378 2314 437 2364 vita
449 2310 498 2363 Μ’.
516 2311 623 2373 Curius,
640 2328 726 2379 quum
743 2310 778 2362 de
798 2310 979 2376 samnitibus,
996 2310 1031 2363 de
1045 2310 1164 2376 Sabinis,

318 2401 352 2453 dc
366 2400 475 2467 Pyrrho
487 2399 694 2465 triumphasset,
707 2397 877 2466 consumpsit
890 2383 1046 2450 extremum
1058 2402 1167 2465 tempus

316 2488 433 2540 aetatis:
453 2484 533 2553 cujus
555 2484 667 2552 quidem
688 2501 739 2549 ego
759 2484 854 2536 villani
875 2483 1076 2551 contemplans,
1088 2482 1167 2537 abest

316 2574 390 2625 enim
409 2588 465 2623 non
486 2571 567 2637 longe
580 2588 596 2621 a
608 2586 662 2634 nie,
677 2570 807 2622 admirari
827 2570 895 2623 satis
916 2588 972 2623 non
994 2588 1107 2638 possum
1124 2572 1168 2626 vel

315 2660 436 2713 hominis
448 2658 534 2726 ipsius
544 2657 745 2708 continentiam
757 2656 799 2709 rel
812 2661 969 2725 temporum
981 2658 1162 2727 disciplinam.

268 2751 303 2802 56
316 2748 400 2801 Curio
413 2746 447 2798 ad
460 2747 553 2797 focum
566 2744 674 2796 sedenti
689 2761 820 2810 inagnum
832 2744 893 2796 auri
905 2745 1014 2812 pondus
1026 2746 1168 2801 Samnites

314 2851 401 2904 quum
419 2832 589 2895 attulissent,
613 2830 753 2897 repudiati
773 2835 847 2883 sunt.
887 2831 954 2885 Non
973 2833 1049 2887 euim
1068 2850 1169 2887 aurum

316 2921 417 2973 habere
433 2918 605 2988 praeclarum
616 2917 670 2970 sibi
683 2917 771 2970 videri
784 2916 864 2984 dixit,
880 2918 929 2972 sed
941 2920 990 2985 eis,
1001 2920 1052 2989 qni
1069 2920 1166 2975 haber·
