2528 3474
465 166 536 206 mro
554 167 656 206 uaros
935 155 969 215 76

113 311 269 378 interram,
284 312 375 365 locum
393 312 504 364 divinae
527 318 643 363 naturae
664 312 880 381 aeternitatique
902 332 966 367 con·

50 424 52 426 v
113 399 238 452 trarium.
278 398 333 452 Sed
345 397 428 451 credo
446 398 521 451 Deos
534 398 703 450 immortales
717 401 848 466 sparsisse
859 403 967 456 animos

114 487 142 538 in
155 505 269 554 corpora
281 488 411 552 humana,
427 492 458 538 ut
472 491 573 551 esseut,
583 488 632 554 qui
646 492 733 538 terras
746 492 894 541 tuerentur
906 491 966 559 qui·

112 593 166 644 que
190 576 351 628 caelestium
381 576 507 628 ordinem
537 576 757 643 contemplantes
788 577 967 630 imitarentur

113 680 176 716 eum
189 665 263 717 vitae
276 665 359 716 modo
371 672 455 732 atque
468 663 631 715 constantia.
661 663 688 714 N
690 681 720 715 ec
733 682 777 716 me
789 665 879 717 solum
894 668 965 718 ratic

111 769 143 804 ac
164 751 316 820 disputatio
342 751 453 818 impulit
466 755 497 801 ut
519 750 558 801 ita
580 751 735 814 crederem;
764 752 813 803 sed
833 754 966 806 nobilitas

112 838 195 891 etiam
209 856 379 890 summorum
392 837 619 904 philosophorum
633 843 662 889 et
674 839 832 890 auctoritas
860 840 962 893 Audie-
977 843 1011 897 78

112 927 176 976 ham
198 925 384 991 Pythagoram
405 921 649 989 Pythagoreosquc
671 922 774 973 incolas
795 941 884 990 paene
903 943 964 976 nos-

112 1019 179 1076 tros,
194 1012 242 1078 qui
261 1016 354 1062 essent
367 1009 459 1060 Italici
472 1009 630 1076 philosophi
652 1011 792 1078 quondam
816 1012 953 1063 nominati

112 1116 254 1166 uunquam
268 1097 417 1160 dubitasse,
434 1096 503 1163 quin
513 1113 546 1147 ex
563 1097 690 1147 universa
705 1103 798 1149 mente
811 1097 907 1150 diviua
919 1099 964 1151 de·

111 1187 211 1239 libatos
224 1186 330 1237 animos
340 1185 519 1236 haberemus:
534 1184 797 1236 dcmonstrahautur
807 1186 873 1237 mihi
889 1204 965 1254 prae-

111 1281 197 1336 terea,
209 1291 280 1341 quae
293 1274 420 1325 Socrates
430 1290 559 1338 supremo
573 1272 645 1322 vitae
656 1271 701 1323 die
712 1273 745 1323 de
756 1274 965 1327 immortalitate

111 1365 267 1414 animorum
281 1360 465 1424 disseruisset,
486 1360 517 1423 is,
534 1359 581 1426 qui
595 1364 668 1410 esset
681 1361 804 1411 omniurn
819 1363 964 1428 sapientis-

111 1451 197 1503 simus
219 1448 329 1500 oraculo
352 1447 489 1515 Apollinis
510 1447 658 1514 judicatus.
699 1447 771 1510 Quia
795 1449 902 1501 multat
927 1451 965 1501 sic

112 1537 180 1588 mihi
199 1536 330 1604 persuasi,
354 1535 392 1585 sic
414 1535 521 1586 sentio:
548 1551 632 1600 quum
656 1538 735 1585 tanta
759 1534 884 1587 celeritas
906 1537 963 1588 ani-

112 1641 218 1676 morum
233 1623 277 1687 sit,
289 1626 368 1673 tanta
376 1622 508 1673 memmio
521 1621 736 1687 praeteritorum
746 1621 963 1692 futurorumque

111 1711 269 1780 prudentia,
285 1714 327 1760 tot
340 1714 413 1760 artes
426 1713 521 1760 tantae
540 1709 680 1771 scientiae,
696 1712 739 1759 tot
757 1709 887 1771 inventa;
907 1728 962 1762 non

111 1818 190 1868 posse
204 1816 263 1850 eam
277 1803 415 1860 naturam,
431 1813 502 1863 qliae
521 1813 564 1846 res
586 1813 631 1846 eas
652 1797 804 1859 contineat,
820 1815 880 1849 esse
893 1816 963 1849 mor-

113 1887 211 1939 talem:
232 1902 374 1954 quumque
386 1901 494 1951 semper
506 1883 628 1949 agitet-ur
641 1884 750 1935 animus
772 1902 823 1935 uec
845 1886 964 1952 princip-

111 1978 168 2028 ium
182 1981 273 2026 motus
286 1974 395 2033 habeat,
412 1972 478 2040 quia
491 1989 520 2022 se
540 1972 597 2038 ipse
611 1977 720 2022 moveat
735 1992 740 2033 ;
761 1990 795 2023 ne
807 1973 891 2024 linem
904 1976 964 2040 qui-

111 2064 174 2115 dem
187 2062 351 2112 habiturum
364 2076 423 2110 esse
436 2064 528 2109 motus
550 2059 615 2125 quia
636 2075 779 2125 nunquam
797 2077 825 2110 se
848 2060 906 2126 ipse
928 2061 962 2112 sit

110 2149 271 2201 relicturus:
292 2150 320 2197 et
332 2161 418 2212 quum
432 2143 549 2210 simplex
571 2144 656 2194 aniani
675 2152 775 2195 natura
787 2150 859 2196 esset
873 2164 963 2214 neque

109 2236 226 2288 haberet
239 2233 267 2283 iu
281 2251 309 2282 se
321 2231 473 2299 quidquam
486 2231 643 2281 admixtum
656 2230 749 2298 dispar
761 2232 803 2282 sui
815 2242 899 2301 atque
909 2235 962 2286 dis-

111 2323 200 2375 simile
213 2338 270 2372 non
283 2337 361 2386 posse
375 2337 438 2370 oum
451 2317 555 2368 dividi:
574 2318 649 2385 quod
671 2319 694 2370 si
716 2336 773 2371 non
795 2323 883 2387 possit
906 2341 961 2374 non

111 2428 189 2478 posse
214 2408 341 2458 interire:
375 2422 529 2472 magnoque
554 2423 613 2457 esse
637 2417 808 2473 argumente,
838 2409 963 2462 homines

110 2498 178 2550 scire
192 2495 323 2562 pleraque
343 2497 417 2555 ante,
432 2509 515 2559 quam
535 2493 593 2543 nati
614 2493 680 2557 sint,
695 2495 769 2560 quod
791 2495 848 2561 jam
871 2498 958 2563 pueri,

109 2601 196 2654 quum
209 2587 282 2634 artes
296 2578 419 2630 difficiles
433 2578 548 2643 discant,
566 2579 605 2630 ita
623 2579 750 2631 celeriter
763 2599 806 2632 res
819 2582 958 2636 innumer-

109 2673 196 2726 abiles
209 2669 352 2735 arripiant,
370 2672 401 2718 ut
415 2684 460 2718 eas
473 2683 530 2717 uon
542 2672 603 2717 tum
616 2667 736 2733 primum
750 2669 873 2736 accipere
885 2671 959 2724 vide·

109 2765 202 2821 antur,
218 2757 266 2809 sed
278 2755 418 2807 reminisci
433 2761 461 2807 et
474 2754 620 2807 recordari.
662 2755 740 2807 Haec
753 2755 879 2809 Platonis
892 2759 958 2812 fere.
