2528 3474
613 193 685 234 CATO
704 192 808 233 uAJOB.

653 487 765 543 xvuu

304 673 350 728 dn
361 675 437 728 lanam
446 675 500 726 atta
513 674 555 726 ott
573 692 619 740 ajo
632 675 653 725 is
668 675 708 724 tlte
722 671 807 740 sertui
825 670 856 737 of
870 689 887 722 a
902 670 1044 738 roch-speat
1056 670 1147 736 youth.

337 746 469 798 [laculata
480 745 621 813 reptantisq
634 744 676 795 tlte
700 743 851 793 Atheniens
869 743 924 793 trad
942 742 983 793 tte
1005 741 1148 807 Spartans.

337 816 367 867 It
378 818 401 866 is
412 816 472 868 said
483 815 542 866 that
556 815 595 865 tte
616 813 660 865 old
671 830 717 864 are
728 813 889 878 passionatc,
904 812 1021 875 crabbed,
1038 813 1151 862 ‹aurici-

336 902 399 939 cua:
418 885 470 936 this
481 886 505 935 ts
522 884 654 950 referrible
667 887 694 934 to
707 883 795 948 fortitu
808 882 839 946 of
853 882 994 945 character,
1010 886 1057 932 act
1070 885 1096 932 tc
1110 881 1154 932 old

337 973 383 1024 aye
395 956 425 1006 ia
438 955 514 1019 itself.

255 1113 289 1164 62
337 1111 392 1165 Sed
411 1114 440 1163 in
459 1109 535 1164 omul
553 1110 677 1162 oratione
700 1113 871 1162 mementote
893 1128 952 1161 eam
967 1127 1011 1160 me
1030 1113 1155 1160 senectu-

300 1204 357 1250 tem
381 1198 503 1259 laudare,
537 1215 607 1264 quac
639 1196 830 1248 fundamentis
859 1196 1061 1248 adolescentiae
1091 1212 1153 1246 con-

300 1286 398 1338 stituta
411 1286 455 1337 sit.
496 1286 606 1353 Exque
620 1284 736 1335 eflicitur
749 1284 786 1347 id,
803 1283 878 1351 quod
891 1300 941 1350 ego
955 1299 1053 1349 magno
1068 1300 1154 1349 quon-

301 1374 364 1424 dam
389 1389 451 1423 curn
470 1389 584 1423 assensu
610 1372 733 1421 omnium
753 1371 829 1429 ixi:
855 1371 980 1421 materam
1001 1387 1050 1421 erse
1075 1387 1156 1421 senec-

303 1463 396 1522 tutem,
412 1475 480 1524 qitac
492 1475 517 1508 sc
530 1459 650 1508 oratione
664 1457 817 1522 defenderet.
853 1456 917 1507 Non
931 1457 993 1508 caui
1005 1473 1061 1508 non
1074 1473 1156 1523 rugae

302 1551 416 1611 repente
441 1543 635 1594 auctoritatem
660 1543 781 1609 arripere
803 1548 933 1610 possunt;
965 1543 1014 1594 sed
1038 1543 1155 1594 honeste

300 1636 361 1682 acta
373 1631 499 1696 superior
511 1635 586 1680 aetas
599 1630 706 1680 fructus
724 1628 798 1696 capit
816 1630 989 1681 auctoritatis
1008 1635 1154 1682 extremos.

253 1719 287 1769 63
301 1718 378 1769 Haec
392 1718 466 1768 enim
479 1717 539 1782 ipsa
560 1712 822 1780 sunt'bonorabilia,
840 1735 910 1784 quae
932 1718 1063 1769 videntur
1084 1718 1156 1770 levia

301 1811 385 1872 atque
407 1804 572 1868 communia,
594 1803 718 1867 salutari,
740 1805 842 1870 appeti,
858 1805 963 1870 decedi,
978 1807 1092 1873 assurgi,
1109 1807 1154 1858 de*

299 1892 370 1956 duci,
387 1890 489 1954 reduci,
504 1890 625 1942 consuli:
645 1908 714 1957 quae
730 1897 757 1942 et
770 1892 843 1957 apud
863 1909 913 1942 nos
926 1897 954 1943 et
967 1893 997 1943 in
1015 1892 1076 1944 aliis
1089 1894 1153 1944 civi·

298 1981 411 2044 tatibus,
428 1982 459 2030 ut
476 1994 603 2046 quaeque
624 1978 729 2044 optime
751 1985 864 2040 marala,
882 1981 922 2030 ita
943 1980 1153 2048 diligentissime

300 2067 490 2117 observantur.
521 2063 695 2131 Lysandrum
709 2063 968 2132 Lacedaemonium,
978 2084 1010 2118 cu
1013 2068 1059 2134 jus
1071 2068 1153 2118 modo

298 2152 467 2204 mentionem
487 2151 539 2202 leci
562 2151 653 2202 (licere
675 2151 755 2202 aiunt
776 2151 899 2216 solitum,
915 2153 1152 2206 Lacedaemonem

297 2258 356 2292 esse
378 2239 605 2290 honestissimum
630 2238 803 2289 domicilium
825 2241 994 2293 senectutis:
1015 2261 1152 2315 nusquam

298 2327 372 2378 enim
394 2330 504 2376 tantum
527 2325 660 2375 tribuitur
685 2325 779 2388 aetati,
801 2343 937 2395 nusquam
961 2336 1003 2381 est
1025 2341 1152 2388 senectus

298 2413 466 2464 honoratior.
508 2411 582 2473 Quin
596 2411 681 2462 etiam
693 2413 842 2464 memmiae
855 2415 997 2480 proditum
1011 2423 1053 2470 est
1066 2439 1150 2489 quum

298 2499 417 2551 Athenis
429 2497 502 2549 ludis
514 2497 627 2564 quidam
640 2498 670 2548 in
688 2498 830 2549 theatrum
851 2501 962 2566 grandis
975 2509 1043 2555 natu
1062 2510 1150 2561 renis-

298 2591 348 2646 set,
366 2586 393 2635 in
408 2602 505 2651 magno
519 2601 647 2635 consessu
660 2585 751 2636 locum
764 2603 900 2653 nusquam
915 2589 939 2639 ei
958 2588 1053 2644 datum
1067 2612 1082 2644 a
1095 2596 1152 2647 suis

297 2673 421 2733 civibus;
446 2688 532 2739 quum
557 2675 650 2722 autem
674 2673 709 2722 ad
730 2672 961 2726 Lacedaemonios
982 2681 1148 2749 accessisset,
1202 2683 1205 2687 ’

297 2759 353 2828 qui,
365 2758 449 2824 legati
462 2774 548 2826 quum
561 2762 661 2822 essent,
679 2763 753 2809 certo
766 2759 795 2809 in
809 2759 868 2811 loco
882 2762 1074 2830 consederant,
1087 2785 1150 2820 con-

252 2849 285 2900 64
298 2846 448 2899 surrexisse
461 2862 555 2896 omues
569 2849 597 2896 et
607 2863 701 2896 senem
715 2845 794 2897 illum
807 2865 912 2900 sessum
924 2851 1067 2919 recepisse.
1084 2853 1150 2918 Qui-

296 2932 349 2987 bus
366 2947 453 3001 quum
465 2946 483 2982 a
494 2935 595 2982 cuncto
621 2948 749 2984 consessu
774 2932 886 2999 plausus
906 2940 980 2990 esset
992 2967 993 2970 =
1003 2940 1150 3012 multiplex

59 2923 140 3240 ,Ι
