2528 3474
472 185 544 225 esso
562 185 666 226 srsson
942 172 976 230 57

124 328 192 378 esse,
210 310 245 365 sul
258 311 333 382 quod
352 309 558 379 suscipiendum
579 328 636 364 non
657 308 743 364 libido
765 311 917 380 voluptatis
930 315 979 366 im-

123 400 257 469 pelleret3
277 403 373 466 stupra
387 416 451 451 vero
464 406 491 451 et
504 398 642 450 adulteria
661 403 687 450 et
711 416 792 451 omno
812 399 868 452 tale
889 401 976 466 flagit-

123 487 182 541 ium
211 487 297 540 nullis
329 486 444 539 excitari
468 486 530 537 aliis
561 485 706 549 illecebris,
732 486 786 538 nisi
816 487 974 554 voluptatis.

124 573 270 642 Quurnqne
280 573 388 624 homini
401 571 459 623 sive
470 576 568 623 natura
579 573 636 623 sive
649 572 711 639 quis
719 572 795 624 Dens
806 573 875 623 nihil
885 579 979 626 mente

123 658 317 727 praestabilius
330 657 452 710 dedisset
464 677 470 720 ;
491 658 554 710 lmic
568 657 663 709 divino
677 660 785 710 numeri
803 677 834 711 ae
848 659 922 711 <lone
935 661 975 712 ni-

124 745 164 798 hil
177 763 236 798 esse
249 750 307 797 tam
326 743 478 809 inimicum,
494 761 577 812 quam
598 744 776 811 voluptatem.
818 744 877 797 Nee
899 748 962 797 enin
996 752 1000 797 ί

123 831 240 885 libidine
262 831 423 883 dominante
442 831 644 897 temperantiae
666 831 756 882 loeum
777 849 854 891 esse3
886 849 977 900 neque

124 919 238 971 omnino
251 918 281 969 in
295 917 446 984 voluptatis
460 935 544 984 regno
557 920 691 969 virtutem
715 936 793 985 posse
816 919 973 972 consistere.

124 1004 204 1068 Quod
217 1021 272 1073 qno
285 1004 372 1070 magis
386 1002 503 1069 intelligi
519 1009 619 1070 posset,
637 1003 738 1071 lingere
757 1004 849 1056 animo
862 1005 978 1073 jubebat

124 1095 203 1142 tenta
215 1089 361 1141 incitatum
372 1089 493 1157 aliquem
505 1088 647 1156 voluptate
660 1090 789 1156 eorporis,
801 1096 906 1159 quanta
918 1110 978 1160 per-

124 1177 180 1246 cipi
204 1182 297 1245 pesset
321 1175 458 1227 nrnxima:
490 1175 595 1226 nenrini
617 1176 747 1228 censebat
769 1178 829 1228 lore
850 1179 976 1246 dubium,

123 1265 193 1333 quin
212 1261 319 1314 tamdiu
339 1261 406 1313 dnm
428 1261 467 1313 ita
487 1262 628 1328 garirileret,
654 1262 725 1313 nihil
746 1263 851 1330 agitare
872 1273 974 1333 mente,

124 1350 195 1404 nihil
212 1350 329 1415 ratione,
344 1348 416 1400 nihil
435 1349 601 1416 cogitatione
621 1350 752 1418 consequi
766 1358 864 1417 posset.
906 1354 978 1416 Quo·

124 1437 196 1491 circe
219 1435 290 1487 nihil
315 1452 374 1487 esse
400 1440 456 1486 tam
481 1435 646 1487 detestabile
670 1441 783 1505 tamquo
803 1441 887 1505 pestis
959 1465 973 1507 ·‚

124 1544 208 1597 quam
229 1526 420 1592 voluptatem:
441 1524 464 1576 si
486 1524 598 1592 quidem
621 1542 661 1590 ea,
686 1542 772 1593 quum
794 1527 883 1594 nrajor
906 1540 977 1583 esset
1034 1537 1037 1542 '

124 1620 208 1683 etque
220 1613 336 1679 longior,
353 1627 434 1663 eume
447 1611 532 1662 :nomi
546 1611 640 1663 lumen
654 1612 872 1680 exstingueret.’'
900 1614 977 1670 Haec

125 1717 187 1753 cum
198 1699 226 1751 0.
240 1698 343 1750 Pontio
358 1697 482 1750 Smnmte
495 1702 573 1764 patre
587 1699 656 1765 ojus,
668 1716 684 1749 a
696 1716 751 1766 qno
765 1699 890 1752 Caudino
901 1720 978 1769 proe-

125 1786 163 1838 lio
176 1786 223 1853 Sp.
239 1785 401 1838 Postumius
420 1784 449 1836 Τ.
466 1783 602 1836 Veturius
622 1786 748 1837 consules
766 1790 887 1854 superati
901 1804 974 1857 sunt,

124 1875 248 1927 loentum
259 1872 411 1939 Archytam
425 1870 569 1923 Nearchus
582 1872 750 1924 Tarentinus
763 1874 862 1942 hospes
873 1884 974 1944 noster,

124 1962 216 2031 quiin
234 1960 357 2013 amicicia
375 1958 472 2026 populi
493 1958 613 2010 Romani
633 1968 830 2027 permanserat,
846 1981 875 2015 se
888 1983 904 2015 a
923 1983 977 2018 ma-

125 2048 233 2118 joribus
244 2053 313 2099 natu
326 2048 462 2114 accepisse
472 2045 582 2098 (licebat
595 2064 681 2115 quum
694 2049 806 2115 (peridem
820 2051 846 2102 ei
858 2056 978 2106 sermoni

125 2134 299 2188 interfuisset
311 2133 392 2185 Plato
403 2132 583 2184 Atheniensis
595 2150 600 2184 ι
615 2151 697 2201 quem
708 2135 858 2188 Tarentum
870 2141 978 2193 venisse

126 2219 157 2275 Ia
173 2219 289 2273 Camillo
302 2219 393 2286 Appio
407 2217 523 2270 Claudio
536 2219 695 2271 consulibus
708 2224 822 2288 reperio.
855 2224 978 2288 Quorsus

125 2306 211 2359 lmecl
247 2305 288 2359 Ut
301 2304 472 2371 intelligatis,
488 2304 512 2357 si
525 2304 697 2373 voluptatem
717 2312 857 2375 aspernari
871 2313 976 2366 ratione
998 2322 1024 2367 ἱ)

138 2398 166 2447 et,
178 2392 315 2462 sapientia
330 2410 387 2444 nou
406 2410 556 2460 possemus,
573 2410 701 2460 magnam
721 2395 877 2449 hahendam
897 2418 989 2454 senee-

126 2480 183 2533 tuti
193 2480 321 2548 gretiam,
336 2496 407 2547 quae
421 2479 541 2531 olfecerit
555 2484 586 2530 ut
599 2480 627 2530 id
641 2497 695 2531 non
711 2481 818 2547 liberet,
834 2487 908 2552 qnod
923 2505 978 2540 non

126 2571 276 2635 oporteret.
317 2564 439 2633 Irnpeclit
460 2565 534 2616 enirn
555 2565 700 2617 consilium
713 2569 858 2636 voluptas:
878 2575 978 2627 rationi

126 2652 238 2705 inimica
251 2656 292 2704 est
306 2669 336 2703 ac
350 2651 458 2703 meinis.
477 2656 507 2701 nt
526 2650 566 2702 ita
579 2651 676 2717 (licam,
694 2655 871 2723 praestringit
886 2660 979 2712 oeulos

126 2739 282 2793 nechabet
306 2739 394 2790 ullum
413 2755 475 2789 emn
498 2737 603 2791 virtute
625 2742 827 2795 commercium.
867 2744 979 2799 Inritus

127 2827 181 2881 ieci
194 2831 226 2879 ut
243 2826 388 2879 fortissimi
410 2825 464 2877 uiri
486 2824 516 2877 Τ.
540 2824 690 2878 Flaminini
703 2829 818 2881 lintrem
831 2830 861 2883 L.
878 2833 979 2886 Flami·

126 2913 227 2969 ninum
238 2931 255 2967 e
266 2918 365 2965 senatu
378 2911 516 2982 ejicerem,
533 2916 640 2982 septem
652 2913 733 2965 arinis
744 2922 806 2985 post
820 2936 903 2990 quam
916 2937 978 2972 oon·
