2528 3474
576 193 646 232 orio
665 193 768 230 uscos.
1042 180 1079 232 60

226 318 375 383 peteretur,
391 312 522 386 quodque
533 322 627 386 spreta
644 323 674 370 et
693 322 854 386 contempta
873 317 1016 386 voluptate
1029 336 1075 388 op·
1088 322 1123 372 44

228 402 313 455 timus
325 403 444 472 quisque
456 408 626 473 sequeretur.
667 403 805 468 Quorsum
824 405 910 472 igitur
919 409 976 458 tam
989 406 1078 460 multa

227 489 261 542 de
283 488 447 558 voluptate?
465 490 531 560 quia
550 508 607 543 nou
624 490 706 543 modo
728 491 896 558 vituperatio
918 492 1003 558 nulla,
1026 493 1076 546 sed

227 576 311 629 etiam
331 595 439 630 summa
462 577 522 630 laus
543 578 695 630 senectutis
715 583 766 644 est,
781 579 855 647 quod
875 596 907 631 ea
919 580 1077 647 voluptates

227 665 317 716 nullas
329 682 429 732 magno
442 683 524 733 opere
537 666 683 718 desiderat.
719 668 757 718 At
768 671 842 719 cieret
855 665 944 735 epulis
957 673 1078 720 exstruc-

227 753 318 822 tisque
342 752 444 805 mensis
469 742 498 805 et
521 754 715 822 frequentibus
740 754 853 822 poculis.
903 754 985 807 Caret
1011 773 1075 823 ergo

228 839 312 892 etiam
319 840 479 892 'vinolentia
492 844 520 892 et
533 840 670 893 cruditate
689 846 718 892 et
736 841 888 895 insomniis.
929 841 984 894 Sed
997 841 1021 894 si
1034 842 1081 894 ali-

227 927 295 995 quid
320 927 443 978 dandum
466 931 509 979 est
529 927 674 994 voluptati,
698 928 830 995 quoniam
852 928 913 996 ejus
934 927 1095 981 blanditiisv

228 1032 284 1067 non
296 1015 377 1067 facile
390 1014 558 1078 obsistimus,
575 1014 670 1066 divine
687 1015 761 1067 enim
783 1016 866 1068 Plato
887 1034 976 1068 escam
994 1017 1094 1069 malo·-

232 1121 294 1155 rum
316 1102 437 1170 appellat
459 1102 641 1170 voluptatem,
657 1103 732 1170 quod
753 1120 786 1155 ea
807 1103 937 1156 videlicet
957 1104 1084 1156 homines

230 1189 375 1257 capiantur
399 1193 431 1240 ut
455 1188 537 1240 hamo
562 1188 667 1256 pisces:
702 1205 869 1258 quamquam
894 1189 1084 1244 immoderatis

229 1275 318 1344 epulis
336 1279 411 1326 caret
433 1280 569 1340 senectus,
584 1274 699 1326 modieis
719 1280 812 1326 tamen
835 1275 969 1327 conviviis
991 1283 1082 1345 potest

229 1362 368 1415 delectari.
409 1361 581 1414 O.Duiliu1n
606 1360 645 1414 M.
662 1361 705 1426 R,
722 1361 771 1430 qui
791 1361 898 1413 Poenos
918 1363 1003 1415 classe
1025 1366 1080 1432 pri-

230 1467 291 1503 mus
313 1449 460 1513 devicerat,
477 1448 639 1500 redeuntem
657 1466 771 1503 aecana
793 1467 885 1500 sellem
905 1468 984 1517 saepe
1008 1452 1081 1504 vidc-

228 1537 292 1589 bam
304 1552 391 1604 puer3
410 1535 600 1587 delectabatur
613 1535 709 1586 crebro
727 1536 816 1586 furiali
830 1542 857 1587 et
871 1537 993 1601 tibicine,
1011 1555 1081 1606 quae

231 1624 285 1677 sibi
298 1622 376 1675 nulle
389 1621 515 1689 exemplo
537 1623 663 1689 privatus
684 1628 857 1690 sumpserat:
877 1628 987 1674 tantum
1000 1624 1083 1676 lieen-

229 1712 287 1766 tise
299 1709 384 1763 dabat
395 1708 500 1777 gloria!
538 1707 594 1760 Sed
614 1707 683 1774 quid
700 1724 750 1774 ego
764 1708 854 1760 alios?
871 1709 905 1760 ad
926 1726 970 1762 me
990 1711 1079 1778 ipsum
1098 1711 1127 1761 15

230 1801 431 1875 jamrevertar.
471 1795 597 1848 Primum
616 1795 701 1847 habui
721 1795 956 1862 scmpersodules.
998 1797 1079 1850 Soda-
1124 1868 1129 1875 ἢ

230 1888 324 1941 litates
344 1888 438 1937 autem
459 1900 504 1935 me
525 1888 672 1950 quaestore
702 1883 871 1935 constitutae
901 1889 977 1947 sunt,
1000 1886 1083 1937 sacris

230 1973 323 2027 Idaeis
341 1971 458 2038 Magnae
473 1968 574 2020 Matris
587 1967 712 2036 acceptis.
753 1969 896 2036 Epulabcr
915 1969 1001 2036 igitur
1022 1987 1084 2022 cum

231 2060 372 2115 sodalibus
384 2057 498 2117 omnino
512 2055 625 2119 modice,
642 2055 690 2107 sed
704 2059 763 2106 erat
780 2055 893 2123 quidam
907 2056 999 2108 ferror
1011 2062 1083 2109 aeta-

231 2148 286 2212 tis;
304 2163 360 2215 quc
371 2142 566 2212 progrediente
579 2141 672 2193 ornnia
684 2141 756 2193 fiunt
769 2143 797 2193 in
811 2141 869 2194 dies
883 2142 1001 2196 mitiora.
1028 2143 1083 2195 Ne-

231 2252 287 2305 que
297 2233 373 2298 enim
384 2232 506 2299 ipsorum
519 2229 709 2280 conviviorum
728 2228 940 2281 delectationem
955 2230 1079 2297 volupta-

233 2322 308 2373 tibus
320 2318 441 2386 er‘poris
454 2317 548 2384 magis,
564 2332 648 2383 quam
661 2320 742 2368 coetu
754 2315 905 2367 anticorum
918 2322 946 2367 et
958 2334 1079 2368 sermon-

187 2438 194 2449 ·
232 2408 295 2460 ibus
307 2405 449 2458 metiebar.
490 2403 568 2454 Bene
588 2402 663 2453 enim
686 2401 805 2469 majores
827 2402 915 2454 nostri
934 2403 1081 2455 accubitio

233 2511 298 2549 nem
310 2492 451 2561 epularem
463 2490 613 2541 amicornm
627 2488 694 2556 quia
705 2489 779 2540 vitae
798 2489 1024 2556 conjunctionem
1037 2490 1083 2542 ha-

232 2570 312 2635 beret
332 2578 490 2632 convivium
510 2576 710 2638 nominarunt3
738 2575 847 2639 molius,
872 2576 1084 2643 quan1·G·raeci‚

233 2666 283 2737 qui
293 2666 346 2719 hoc
358 2664 432 2716 idem
445 2668 505 2715 tum
519 2659 760 2729 compotationem,
771 2664 832 2711 tum
845 2662 1089 2714 concoenationcrn

234 2756 353 2806 vocant:
371 2755 403 2802 ut
415 2749 490 2819 quod
503 2749 533 2800 in
546 2765 579 2800 eo
590 2763 692 2816 genere
705 2745 853 2800 minimum
866 2750 916 2813 est,
932 2746 960 2798 id
971 2749 1090 2801 maxime

186 2862 192 2872 ·
234 2839 352 2911 probare
364 2836 521 2889 videantur.
