2528 3474
380 196 415 248 (ld
677 207 750 248 erro
767 207 872 246 ursos.
1197 234 1213 257 ,2

379 335 483 386 clavum
504 336 532 384 ct
551 331 645 400 plain,
662 331 715 382 sibi
734 329 891 382 natationes
913 335 998 399 utque
1016 349 1131 386 cursus:
1152 332 1232 384 nobis

381 423 494 474 senibus
507 438 542 472 ex
559 419 716 472 lrsiunibus
736 417 831 469 multis
850 417 920 470 tulos
933 420 1095 489 relinquant
1108 425 1135 473 ct
1149 427 1231 472 tesse-

380 528 440 562 ras:
460 508 489 559 id
502 509 593 574 ipsum
613 514 704 557 utrum
723 506 830 557 iubebit
844 525 850 567 ;
870 508 1002 574 quonium
1015 509 1075 560 sine
1095 508 1138 559 his
1152 507 1233 560 beuta

381 614 440 649 essc
452 605 574 648 senecta<
592 597 695 663 potest.
1224 594 1228 601 “

734 850 834 909 XVII.

380 1097 550 1166 Xenoploc'u
565 1064 806 1150 “discurramus‘’
843 1096 987 1164 Eromples
1005 1099 1038 1167 cs
1054 1096 1149 1166 (lyron,
1168 1099 1232 1153 Vol-

415 1173 485 1225 erius
500 1170 604 1234 Gnosis,
620 1169 675 1220 out
693 1169 783 1220 others.
827 1167 878 1220 rte
896 1169 1001 1236 diyuity
1020 1171 1076 1222 aad
1095 1171 1234 1237 authority

415 1241 559 1380 qlfwtlyqlq'tyt
576 1257 621 1293 ore
639 1239 671 1306 of
684 1255 755 1292 omre
771 1239 847 1290 coloe
866 1239 983 1292 thaneti
1002 1241 1194 1308 respuamus
1207 1246 1236 1307 of

338 1469 370 1519 59
417 1466 522 1518 Multus
546 1464 581 1516 ad
611 1480 655 1515 res
678 1461 813 1529 perutiles
838 1461 1037 1531 Xenophontis
1059 1464 1126 1519 libri
1149 1471 1233 1529 sunt;

383 1571 452 1624 quos
480 1551 573 1618 legite,
607 1566 717 1617 quaeso,
751 1549 883 1614 studiose,
917 1554 948 1603 ut
978 1553 1076 1606 facitis.
1145 1552 1234 1618 Quem

384 1642 492 1709 copiose
512 1639 547 1690 ab
569 1654 602 1689 cc
621 1635 790 1704 agricultura
809 1637 939 1690 laudatur
951 1639 981 1690 iu
995 1657 1027 1692 eo
1037 1641 1117 1707 libro,
1131 1643 1180 1711 qui
1192 1648 1235 1695 cst

384 1729 418 1781 (Ῑθ
440 1726 546 1780 tuenda
566 1720 596 1776 ΓΞ
616 1723 756 1787 fastidiosi,
780 1725 828 1792 qui
855 1725 1038 1779 Oeconomicus
1055 1728 1233 1784 inscribitur!

383 1816 477 1882 Atque
492 1816 524 1864 ut
545 1809 707 1876 intelligatis
725 1809 797 1860 nihil
817 1809 842 1862 ei
864 1814 922 1862 tam
935 1812 1026 1878 regale
1039 1813 1136 1881 videri,
1151 1833 1234 1885 quam

383 1901 507 1953 studium
520 1897 578 1965 agri
590 1894 708 1960 colendi,
725 1894 851 1947 Socrates
864 1895 892 1946 in
905 1913 937 1948 eo
949 1897 1021 1950 libre
1037 1898 1161 1969 loquitur
1172 1919 1235 1954 cum

383 1985 545 2042 Critobulo:
565 1983 669 2050 Cyrum
682 1982 816 2033 minorem
829 1999 921 2050 regern
935 1983 1082 2038 Persmum
1094 1992 1234 2054 praestan·

383 2086 440 2129 tem
453 2072 564 2137 ingenio
577 2075 660 2139 atquc
674 2069 783 2136 imperii
796 2068 890 2136 gloria,
903 2088 989 2138 quum
1000 2071 1143 2140 Lysander
1152 2075 1234 2129 Lace.

384 2162 545 2217 daemonius
557 2158 601 2211 ris
613 2174 736 2210 summac
749 2156 863 2209 virtutis
875 2159 997 2211 venisset
1008 2159 1044 2211 ad
1056 2179 1121 2213 eum
1140 2161 1235 2216 Sardis

384 2254 464 2318 eique
478 2249 550 2300 dona
562 2263 578 2298 a
590 2245 671 2297 sociis
683 2243 833 2309 attulisset,
848 2248 878 2297 et
889 2245 989 2298 ceteris
1010 2247 1040 2299 in
1059 2248 1143 2301 rebus
1163 2267 1234 2303 ccm-

383 2352 495 2389 munem
508 2350 572 2400 erga
590 2330 765 2396 Lysandrum
785 2334 870 2398 atque
890 2330 1044 2385 humanum
1060 2334 1146 2388 fuisse
1167 2340 1197 2390 ct
1209 2338 1235 2391 ei

384 2422 521 2493 quendam
535 2421 714 2483 consaeptum
726 2432 822 2482 agrum
835 2415 984 2483 diligenter
996 2420 1134 2473 censitum
1143 2427 1235 2475 osten·

384 2511 464 2562 disse.
505 2505 598 2569 Quum
610 2507 702 2554 autem
716 2501 899 2554 admiraretur
917 2502 1061 2570 Lysander
1072 2512 1101 2560 et
1118 2511 1236 2575 procori-
1256 2546 1259 2551 -

384 2600 457 2648 tates
478 2592 608 2645 arborum
632 2593 661 2640 ct
685 2587 804 2639 directos
826 2588 856 2639 in
875 2589 1059 2656 quincuncem
1079 2592 1193 2649 ordines
1208 2600 1238 2651 ot

384 2684 501 2735 humum
514 2678 656 2731 subactum
669 2679 753 2743 atquc
766 2692 863 2743 puram
885 2679 914 2728 et
926 2678 1091 2731 suavitatem
1109 2681 1235 2753 odorum,

383 2769 432 2838 qui
445 2767 605 2820 afflurentur
617 2779 632 2815 e
645 2762 779 2824 floribus;
797 2765 859 2813 turn
880 2778 945 2813 eum
967 2763 1070 2818 dixisse
1091 2766 1187 2822 mirari
1207 2788 1239 2825 ιο

385 2873 442 2909 non
455 2852 536 2906 niodo
549 2848 731 2917 diligentium,
747 2847 796 2900 scd
809 2847 892 2899 etiam
905 2849 1056 2904 sollertiam
1071 2854 1142 2922 ejus,
1154 2873 1171 2908 a
1181 2874 1238 2927 quo

386 2948 478 2996 essent
490 2939 539 2991 illa
551 2937 676 2988 dimensa
688 2939 772 3004 atque
785 2933 942 3003 descripta;
961 2942 990 2989 et
1010 2937 1036 2991 ei
1058 2938 1162 3009 Cyrum
1181 2960 1237 3001 m.
