2528 3474
328 145 361 194 te
633 161 703 198 esre
723 161 827 201 aaron

327 291 474 357 ceteraque
485 289 665 358 gravissime:
685 296 784 340 notum
806 289 881 340 enim
900 287 979 341 vobis
998 305 1108 342 carmen
1122 295 1182 355 est3
1251 306 1254 311 ·

327 380 356 425 et
377 379 471 428 tamen
492 377 579 445 ipsius
596 375 678 443 Appii
691 380 783 427 exstat
796 376 895 430 oratio.
935 376 1029 444 Atque
1048 376 1116 428 haec
1134 377 1183 430 ille

327 460 384 527 egit
395 467 502 529 septem
515 469 544 515 et
557 463 652 514 decem
665 461 746 513 annis
765 468 828 529 post
850 463 969 514 alterum
992 464 1177 528 consulatum,

327 566 412 616 quum
426 549 501 602 inter
513 551 583 601 duos
600 549 760 601 consulatus
782 550 848 601 anni
871 551 966 601 decem
987 550 1182 604 interfuissent

320 649 479 705 'censorque
491 642 557 689 ante
570 637 741 704 superiorem
754 637 929 688 consulatum
942 637 1042 689 fuisset
1054 658 1060 699 ;
1080 656 1182 707 exque

327 723 495 789 intelligitur
507 724 610 792 Pyrrhi
622 723 695 775 bello
708 724 841 790 grandem
852 741 917 775 sane
928 725 1014 775 fuisse
1027 744 1032 785 ;
1046 730 1074 775 et
1087 730 1181 777 tamen

282 811 313 864 17
327 810 366 862 sic
378 829 394 861 a
407 812 532 878 patribus
545 811 708 878 accepimus.
749 810 828 861 Nihil
848 810 934 877 igitur
945 812 1075 875 afferunt,
1090 806 1138 879 qui
1152 813 1181 863 in

327 915 357 949 re
368 899 490 965 gerenda
502 899 605 950 versari
619 902 790 950 senectutem
809 903 920 964 negant,
937 898 1096 966 similesque
1115 904 1182 951 sunt

327 990 358 1036 ut
372 987 395 1036 si
407 987 455 1054 qui
467 987 682 1053 gubernatorem
693 986 722 1036 in
732 985 889 1052 navigando
902 985 972 1037 nihil
986 1003 1067 1053 agere
1075 986 1178 1049 dicant,

327 1091 413 1141 quum
432 1073 480 1125 alii
499 1074 585 1125 malos
605 1072 748 1137 scandant,
764 1073 811 1124 alii
832 1090 882 1140 per
901 1072 977 1124 iores
997 1079 1117 1137 cursem,
1134 1073 1182 1124 alii

327 1161 465 1213 sentinam
478 1160 662 1222 exhauriant;
681 1159 729 1211 ille
741 1156 859 1228 [autem]
872 1158 980 1211 clavam
993 1164 1093 1211 tenens
1105 1161 1182 1228 quie·

328 1254 373 1300 tus
386 1250 481 1302 sedeat
499 1250 529 1301 in
541 1249 636 1317 puppi.
676 1247 742 1300 Non
762 1248 830 1300 facit
849 1267 890 1314 ea,
905 1265 977 1317 quae
998 1249 1133 1316 juvenes:
1153 1253 1183 1299 at

328 1355 394 1390 vero
406 1338 495 1389 multo
508 1338 615 1403 majora
627 1341 657 1389 et
674 1337 790 1388 meliora
807 1336 882 1388 facit.
922 1336 950 1387 N
953 1353 989 1387 on
1007 1336 1115 1388 viribus
1133 1342 1182 1387 aut

328 1425 522 1479 velocitatibus
534 1430 583 1477 aut
603 1425 746 1476 celeritate
766 1441 912 1492 corporum
935 1442 978 1476 res
999 1441 1115 1492 magnae
1136 1443 1182 1490 ge-

326 1518 435 1575 rantur,
452 1512 501 1565 sed
514 1512 638 1575 consilio,
648 1511 823 1575 auctoritate,
841 1511 997 1563 sententia:
1011 1512 1114 1579 quibus
1126 1529 1183 1562 non

283 1603 316 1654 18
329 1601 411 1653 modo
424 1618 481 1652 non
494 1599 595 1664 orbari,
611 1598 660 1651 sed
673 1597 757 1650 etiam
769 1598 864 1665 augeri
877 1604 1006 1650 senectus
1018 1597 1096 1650 solet.
1120 1597 1182 1649 Nisi
1204 1596 1206 1601 ’

328 1686 564 1754 forteegovobis,
581 1685 670 1753 quiet
688 1684 767 1737 miles
781 1690 810 1736 et
828 1685 958 1737 tribunus
980 1689 1009 1737 et
1028 1685 1136 1752 legatus
1155 1690 1183 1737 et

329 1773 424 1827 consul
437 1780 563 1824 versatus
576 1789 637 1823 sum
650 1772 680 1822 in
699 1771 775 1822 vario
794 1789 896 1838 genere
915 1771 1062 1837 bellorum,
1077 1789 1183 1824 cessare

328 1880 402 1915 nunc
416 1861 521 1925 videor,
533 1877 620 1928 quum
633 1859 707 1911 bella
725 1877 782 1910 non
801 1877 873 1926 gere.
914 1862 953 1911 At
978 1860 1097 1926 senatui,
1112 1877 1184 1929 quae

329 1950 385 2002 sint
397 1948 526 2017 gerenda,
542 1948 698 2015 praescribo
711 1955 740 1998 et
752 1948 908 2014 quomode:
930 1947 1099 2015 Karthagini
1112 1947 1183 1998 male

328 2039 386 2106 jam
399 2037 447 2089 diu
461 2035 594 2103 cogitanti
608 2033 713 2086 bellum
724 2034 813 2085 multo
826 2040 891 2086 ante
905 2035 1059 2096 densatim
1079 2034 1114 2087 de
1127 2052 1183 2103 qua

329 2124 419 2177 vereri
431 2141 488 2176 non
500 2128 566 2174 ante
577 2123 710 2187 desinam,
726 2139 810 2190 quam
823 2121 898 2174 illam
919 2124 1038 2175 excisam
1052 2140 1111 2174 esse
1122 2140 1183 2191 cog-

284 2215 317 2265 19
330 2230 440 2265 novero.
472 2210 562 2274 Quam
575 2210 694 2278 palmam
709 2211 817 2261 utinam
830 2210 870 2261 dii
883 2210 1062 2276 immortales,
1080 2210 1182 2278 Scipio,

329 2300 382 2352 tibi
404 2302 557 2363 reservent,
580 2302 611 2349 ut
631 2297 677 2348 avi
698 2297 830 2365 reliquias
852 2299 1037 2364 persequare!
1064 2298 1146 2365 cujus
1167 2315 1185 2349 a

330 2391 419 2439 morte
432 2386 534 2437 tertius
546 2384 591 2435 hic
605 2390 633 2434 et
646 2383 802 2434 tricesimus
815 2401 906 2434 annus
919 2390 961 2435 est
974 2402 979 2435 :
999 2385 1048 2437 sed
1067 2401 1184 2437 memor-

329 2477 384 2527 iam
397 2474 472 2525 illius
486 2474 538 2523 viri
551 2489 647 2523 omnes
660 2472 800 2540 excipient
813 2472 880 2523 anni
892 2477 1103 2541 consequentes.
1127 2475 1184 2524 An-

329 2581 366 2615 no
384 2567 450 2614 ante
468 2578 512 2611 me
531 2577 673 2611 censorem
693 2564 819 2611 mortuus
832 2564 882 2625 est,
906 2578 1006 2613 novem
1018 2561 1099 2613 aruris
1120 2565 1183 2629 pest

331 2666 423 2703 meum
447 2648 632 2713 consulatum,
656 2664 743 2716 quum
763 2647 860 2700 consul
880 2648 982 2700 itelum
1004 2666 1048 2700 me
1070 2649 1183 2701 consule

330 2741 439 2791 creatus
452 2739 532 2788 esset.
573 2735 648 2786 Num
666 2735 762 2804 igitar,
777 2735 801 2786 si
821 2735 858 2786 ed
877 2736 1060 2788 centes'mum
1080 2753 1185 2789 annum

329 2826 454 2888 vixisset,
469 2823 621 2877 senectutis
633 2840 698 2876 eum
710 2841 776 2876 suae
794 2823 951 2891 poeniteret
960 2753 1039 2902 inec
1051 2825 1127 2877 enim
1140 2842 1186 2876 ex·

329 2911 458 2966 cursione
478 2927 531 2963 nec
551 2908 626 2962 saltu
646 2925 700 2963 nec
720 2909 831 2962 eminus
852 2908 941 2961 hastis
961 2915 1012 2963 aut
1031 2910 1188 2964 comminus
