2528 3474
463 212 533 251 ciro
551 213 655 251 nisos„
933 197 969 256 79

113 339 163 392 bar
174 339 345 406 existimans,
356 357 413 392 non
423 341 607 408 longinquum
620 339 694 391 inter
708 358 758 392 uos
771 339 925 408 digressum
939 345 967 394 et

111 428 263 480 discessum
283 428 349 480 fore.
391 428 445 480 His
467 429 536 480 mihi
558 429 649 493 rebus,
666 429 767 496 Scipio,
785 429 814 481 id
838 429 913 481 enim
939 435 967 482 te
981 431 1013 482 86

112 535 175 569 cum
196 517 291 569 Laelio
309 517 440 569 admirari
454 517 542 569 solere
562 518 666 580 dixisti,
683 518 753 570 levis
772 524 814 570 est
840 524 968 571 senectus

112 623 163 657 nec
176 605 265 657 solum
278 623 334 656 uon
348 605 473 670 molesta,
488 606 636 657 sedetiam
648 606 780 672 jucunda.
805 605 888 670 Quod
901 607 924 658 si
938 607 967 657 in

111 693 163 745 hoc
176 710 246 757 erro,
262 693 338 760 quod
350 693 458 744 animos
470 692 616 744 hominum
637 692 808 745 immortales
831 712 890 746 esse
911 712 967 746 cre·

112 780 186 845 dam,
197 779 326 831 lubenter
338 796 401 831 erro
412 797 419 842 3
439 796 489 831 nec
499 779 568 831 mihi
581 780 655 831 hunc
669 797 799 842 errorem,
810 797 866 847 quo
880 781 967 834 delec-

112 874 164 934 tor,
180 868 246 919 duin
261 869 324 919 vivo
337 867 496 934 extorqueri
507 867 584 919 volo:
598 868 642 918 sin
657 872 792 932 mortuus,
810 873 841 920 ut
854 868 967 936 quidam

112 956 214 1008 minuti
233 955 391 1023 philosophi
413 960 535 1019 censent,
552 955 623 1006 nihil
645 956 773 1020 sentiam,
789 973 846 1007 non
868 974 968 1009 vereor

113 1043 235 1096 nchunc
257 1061 378 1095 errorem
400 1060 491 1095 meum
514 1044 617 1094 mortui
639 1042 797 1111 philosophi
821 1045 963 1097 irrideant.

113 1132 194 1197 Quod
206 1132 229 1184 si
242 1150 299 1184 non
312 1149 408 1183 sumus
421 1131 591 1183 immortales
604 1132 703 1194 futuri,
720 1136 815 1183 tamen
828 1133 967 1198 exstingui

113 1221 219 1273 homiui
232 1237 283 1272 suo
296 1225 421 1287 ternpore
434 1220 557 1287 optabile
576 1224 625 1271 est.
667 1219 740 1271 Nam
760 1219 846 1272 habet
868 1226 968 1273 natura

114 1313 146 1360 ut
158 1307 275 1360 aliarum
288 1307 411 1357 omniurn
424 1323 517 1357 rerum
532 1306 570 1357 sic
583 1304 695 1357 vivendi
709 1306 831 1358 modum.
868 1306 966 1359 Senec-

113 1402 159 1448 tus
172 1402 266 1447 autern
279 1394 378 1446 aetatis
391 1398 433 1445 cst
445 1393 568 1460 peractio
581 1398 722 1460 tamquam
742 1393 852 1446 fabulae
864 1415 870 1456 ;
890 1395 970 1463 cujus

114 1482 343 1549 defatigationem
364 1481 460 1547 fugere
481 1479 624 1544 debemus,
649 1483 813 1548 praesertim
834 1482 968 1550 adjuncta

114 1570 250 1622 satietate.
260 1567 371 1619 -Haec
384 1567 469 1619 habui
483 1567 517 1619 de
530 1572 674 1619 senectute
687 1585 758 1636 quae
770 1569 891 1621 dicerem
906 1587 912 1622 :
930 1569 967 1622 ud

114 1675 196 1726 quam
211 1656 319 1707 utinum
334 1654 522 1722 perveniatis!
542 1661 573 1706 ut
586 1673 626 1719 ea,
643 1672 714 1723 quoe
734 1674 768 1709 ex
781 1656 965 1723 insenuistis,

115 1764 145 1798 re
158 1744 264 1812 experti
278 1744 395 1812 probare
408 1743 528 1812 possitis
