2528 3474
488 196 558 232 circ
577 195 680 232 urion.
954 176 989 227 69

137 319 227 386 datus,
243 321 345 375 dixisse
358 339 393 375 ex
405 321 439 374 iis
450 323 589 391 quendum
603 341 610 385 ;
630 321 815 374 Athenienses
828 321 905 373 seire.
918 336 989 388 quae

137 414 212 461 recta
224 414 326 473 essent,
342 409 390 461 sed
403 410 492 461 fucere
505 408 587 461 nolle.
619 408 712 460 Multa
724 409 753 459 in
766 415 861 459 nostro
874 407 989 474 collegio

136 496 292 564 praeclara;
312 498 361 549 sed
373 498 434 559 hoo,
449 497 484 549 de
497 515 552 565 quo
565 498 679 564 agimus,
696 498 725 547 in
744 496 841 564 primis
861 496 937 563 quod
958 499 990 547 ut

136 584 253 652 quisque
274 588 365 636 aetate
389 584 529 636 antecedit
554 585 593 635 ita
623 585 778 636 sentcntiae
802 583 989 650 principatum

129 676 229 724 tenet:
261 690 351 739 noque
373 672 461 723 solum
486 671 592 723 honore
616 670 853 734 antecedentibus,
882 670 929 721 sed
956 671 989 720 iis

137 759 229 824 etiam,
245 760 292 828 qui
306 777 368 810 cum
381 759 498 826 imperio
511 765 577 810 sunt
590 759 710 825 maJ'orcs
729 763 796 809 natu
810 776 928 823 augures
941 775 988 808 an-

136 852 315 913 teponuntur.
356 847 432 910 Quae
445 853 511 898 sunt
524 847 610 913 igitur
621 847 778 913 voluptates
791 847 913 912 corporis
926 862 988 896 cum

136 934 310 986 auctoritatis
324 934 451 994 praemiis
467 935 688 1000 comparandae?
705 934 806 1002 quibus
828 933 875 1000 qui
898 932 988 1000 splen·

136 1022 201 1073 dide
220 1023 262 1072 usi
284 1027 359 1086 sunt,
375 1022 394 1073 ii
417 1022 486 1072 milii
508 1022 639 1073 videntur
661 1021 783 1072 fabulam
800 1021 899 1072 :rotatis
912 1039 987 1085 pere·

70 1112 74 1117 ’
125 1118 126 1123 ’
136 1111 216 1178 gisae,
232 1127 282 1162 nec
295 1116 436 1178 utinquam
450 1109 622 1161 inexercitati
643 1109 793 1159 histriones
811 1110 841 1159 in
864 1117 988 1159 extremo
1064 1174 1067 1179 ν

135 1203 199 1249 actu
212 1198 353 1249 corruisse.
394 1200 433 1248 At
445 1202 511 1248 sunt
524 1195 625 1248 morosi
639 1206 666 1247 ct
684 1197 758 1247 anxii
781 1202 809 1247 et
823 1197 945 1247 iracundi
960 1203 988 1248 et
1000 1198 1034 1248 65

137 1283 261 1336 difficiles
280 1301 374 1336 series:
395 1285 417 1335 si
431 1285 597 1353 quaerimus,
614 1285 697 1335 etiam
720 1283 803 1334 avari.
844 1283 899 1334 Sed
922 1284 988 1334 haec

135 1387 243 1422 morum
257 1372 324 1422 vitia
337 1376 410 1434 sunt,
427 1389 483 1422 non
496 1371 654 1422 senectutis.
686 1372 724 1421 Ac
737 1372 882 1422 morositas
894 1376 988 1423 tamen

136 1463 165 1508 et
177 1475 210 1509 ea
222 1459 298 1522 vitia,
314 1475 384 1526 qnae
397 1458 463 1522 dixi,
480 1458 584 1509 habent
603 1457 708 1525 aliquid
722 1457 916 1523 excusationis,
932 1475 988 1508 uon

135 1543 210 1597 illius
223 1546 334 1613 quidem
347 1547 448 1612 justae,
464 1547 511 1597 sed
532 1563 602 1613 *luae
615 1545 726 1612 probari
746 1563 824 1611 posse
844 1546 986 1599 videatur:

135 1633 274 1685 contemni
288 1651 317 1684 se
329 1639 438 1700 putant,
455 1633 566 1701 (leuitici,
584 1632 678 1684 illudi:
699 1639 842 1698 practerea
853 1633 883 1684 in
897 1634 988 1697 fragili

135 1739 248 1789 corpore
260 1722 355 1773 odiosa
368 1721 457 1773 omnis
479 1720 593 1771 <mensio
606 1726 655 1771 est.
696 1719 774 1782 Quae
788 1725 880 1772 tamon
894 1723 987 1773 <numa

135 1809 259 1862 dulciora
271 1810 342 1862 fiunt
356 1815 382 1862 ct
405 1810 528 1861 moribus
547 1809 627 1859 bonis
641 1813 669 1859 et
682 1809 804 1860 artibus:
826 1809 909 1876 idque
926 1816 986 1862 tum

134 1899 162 1949 in
176 1899 235 1950 vita
247 1903 308 1950 tum
320 1899 349 1949 in
359 1915 441 1949 scena
454 1898 572 1964 intelligi
587 1901 678 1963 potest
691 1913 725 1948 cx
738 1897 771 1946 iis
785 1897 926 1960 fratribus,
939 1900 987 1966 qui

133 1985 163 2037 in
176 1986 311 2053 Adelphis
324 1993 397 2037 sunt.
439 1985 549 2049 Quanta
561 1986 591 2035 in
611 1985 699 2035 altero
720 1985 835 2048 duritas,
848 1985 879 2036 in
899 1986 987 2038 altero

134 2075 248 2127 comitas
262 2078 267 2126 l
305 2075 350 2126 Sic
364 2093 392 2126 se
406 2092 449 2126 res
463 2075 561 2125 habet:
583 2079 613 2123 ut
625 2073 700 2123 enim
715 2090 770 2122 non
784 2090 865 2125 oinne
878 2075 983 2141 vinum,

133 2163 172 2214 sic
185 2180 240 2214 non
254 2163 344 2213 omnis
364 2167 439 2214 aetas
461 2167 600 2213 vetustate
620 2160 759 2210 coacescit.
801 2160 985 2214 Severitatem

134 2250 162 2300 in
175 2256 319 2302 senectute
332 2250 418 2317 probo
432 2249 480 2300 sod
493 2266 553 2300 eam
572 2248 644 2298 sicut
664 2248 719 2298 alia
740 2247 891 2302 modicam:
912 2268 985 2302 acer-

133 2336 248 2389 bitatem
271 2336 451 2388 nullomodo.
492 2336 617 2386 Avaritia
640 2352 705 2385 vero
726 2333 821 2386 senilis
843 2336 911 2404 quid
933 2337 985 2390 sibi

133 2424 209 2490 velit,
219 2442 276 2476 non
289 2424 421 2491 intelligo.
459 2423 554 2474 Potest
568 2424 641 2473 euim
655 2421 805 2490 quidquam
820 2440 879 2473 esse
891 2424 984 2475 absur-

133 2513 203 2573 dius,
219 2530 301 2579 quam
314 2530 370 2580 quo
383 2512 474 2562 minus
488 2512 548 2562 viae
560 2515 655 2576 restat,
671 2528 704 2560 eo
721 2509 784 2576 plus
799 2509 890 2561 viatici
904 2530 984 2580 quau-

133 2598 214 2654 reret
