2520 3434
728 466 783 525 XL

354 624 476 693 Slreuqili
490 626 514 677 is
525 629 572 677 etot
584 624 682 677 umdul
699 626 726 675 in
743 625 785 676 old
803 643 858 692 ciue.
897 623 947 676 Old
964 643 1025 677 mco
1043 645 1088 677 ure
1100 624 1208 679 relicsed

382 698 459 765 froin
470 714 555 762 siteuy
567 698 656 762 ¹beblic
669 697 789 748 burdcus.
832 696 891 746 Bud
910 696 998 747 lieultlt
1010 714 1039 749 es
1051 697 1109 749 well
1121 715 1152 749 us
1164 698 1207 750 old

388 784 435 835 aye
448 767 536 834 lirinus
548 767 666 832 stabilite,
681 767 737 827 eud
750 766 801 817 bad
813 766 900 817 heaut
913 771 1034 818 contestu
1047 767 1108 819 both
1119 785 1207 837 youny

388 837 444 889 ciui
456 837 505 889 olel.
548 836 648 901 Duff-usu
661 836 762 903 belenus
775 836 837 901 only
857 840 882 887 to
900 836 973 888 ‘secale
984 837 1027 889 old
1044 855 1112 890 meu.
1154 839 1208 891 Tlic

388 908 564 975 imlepcmleut
577 908 620 958 eld
632 924 678 974 uec
691 907 722 971 uf
732 908 839 974 Appius
853 905 990 959 dimidius.
1031 908 1084 959 ulie
1097 926 1207 977 occupe-

389 980 463 1031 tleus'
471 978 503 1044 uf
513 976 578 1030 (lete
593 977 701 1042 thmuis.

388 1118 455 1171 Non
485 1122 551 1169 sunt
583 1118 611 1169 in
642 1119 786 1169 senectute
817 1116 897 1170 vires.
955 1117 1001 1170 Ne
1029 1119 1208 1187 postulantur

352 1205 466 1275 quidem
479 1206 551 1256 vires
564 1222 580 1256 a
593 1209 746 1256 senectute.
778 1204 853 1271 Ergo
866 1209 895 1257 et
908 1205 1014 1273 legibus
1027 1211 1056 1259 et
1068 1207 1207 1261 institutis

353 1299 432 1347 vucut
444 1299 520 1346 aet-as
533 1308 590 1344 nesi
598 1310 627 1343 re
640 1292 802 1344 muneribus
816 1292 857 1357 iis,
866 1311 937 1361 quse
948 1311 1004 1345 uon
1017 1301 1135 1362 possunt
1147 1299 1207 1350 sine

354 1383 459 1434 viribus
479 1380 618 1433 sustineri.
660 1380 760 1447 Itaque
783 1398 840 1433 nou
859 1382 941 1433 medo
954 1383 1029 1450 qued
1042 1400 1099 1435 nen
1111 1402 1207 1452 possu-

307 1474 341 1523 35
355 1488 424 1536 mus,
440 1470 489 1521 sed
502 1487 537 1520 ne
549 1474 686 1536 intentum
699 1485 845 1535 possumus
864 1469 977 1536 quidem
997 1472 1127 1538 cogimur.
1168 1477 1207 1525 At

354 1559 394 1610 its,
406 1557 488 1609 multi
502 1562 567 1607 siml.
580 1555 712 1607 imbecilli
725 1573 812 1620 senes,
829 1562 861 1607 ut
873 1556 980 1608 nullum
994 1558 1076 1610 efficii
1088 1564 1136 1611 aut
1149 1578 1206 1613 om-

353 1647 421 1698 nino
435 1645 507 1695 vitoe
520 1661 621 1694 mmsis
635 1642 747 1709 exsequi
761 1642 877 1709 possint.
929 1646 969 1695 At
982 1644 1010 1695 id
1022 1645 1136 1713 quidem
1149 1664 1206 1700 uon

354 1731 496 1801 proprium
509 1729 661 1782 senectutis
674 1730 775 1780 vitium
795 1733 846 1795 est,
863 1730 911 1781 sed
934 1748 1080 1785 commune
1100 1734 1205 1788 veletu-

353 1819 435 1872 dinis.
475 1817 565 1881 Qumn
585 1817 640 1867 tuit
659 1816 815 1867 imbecillus
833 1815 927 1869 Publii
941 1818 1067 1871 Africani
1085 1821 1159 1874 filius
1170 1823 1203 1887 is,

352 1908 400 1976 qui
420 1912 449 1958 te
468 1905 630 1971 adoptent!
667 1902 757 1966 Quum
778 1904 857 1955 tenui
875 1909 925 1956 aut
937 1904 1120 1975 nullspotius
1133 1911 1205 1964 vale-

352 1996 470 2048 tudine!
507 1992 589 2056 Quod
607 1991 637 2044 ni
650 1991 690 2043 ite
701 1992 810 2056 fuisset,
825 1991 945 2044 alterum
962 1993 1031 2045 illud
1053 1996 1206 2053 exstitisset

352 2082 448 2134 lumen
478 2077 618 2130 civitatis:
649 2076 685 2129 ed
712 2081 857 2143 paternam
882 2078 956 2130 enim
984 2082 1206 2149 magnitudinem

353 2168 438 2221 eiiimi
451 2166 575 2217 doctrina
592 2163 703 2216 uberior
713 2169 871 2216 accesserat.
913 2164 986 2229 Quid
1006 2169 1106 2221 mirmu
1120 2172 1206 2241 igitur

352 2258 382 2309 in
394 2255 508 2308 senibus
529 2253 552 2304 si
572 2252 674 2303 infirmi
693 2258 759 2303 suut
777 2251 936 2319 aliquando,
951 2272 1037 2321 quum
1051 2257 1079 2309 id
1092 2276 1128 2312 ne
1139 2262 1205 2315 ado·

352 2346 487 2398 lesceutes
499 2340 583 2409 quide
597 2358 613 2390 u
627 2340 746 2405 effugere
758 2340 886 2406 possint?
910 2340 1114 2411 Resistendum,
1126 2346 1205 2403 Lseli

352 2440 380 2485 et
393 2431 493 2498 Scipio,
507 2447 595 2480 senec·
604 2428 644 2479 uti
657 2431 699 2479 est
711 2428 828 2495 ejusque
839 2428 907 2480 vitia
919 2428 1064 2497 diligentia
1076 2451 1207 2505 compen.

351 2520 438 2573 smidu
450 2523 533 2570 suut:
553 2516 733 2584 pugnandum
755 2521 895 2584 tamquam
916 2522 1014 2573 contre
1025 2523 1153 2577 morbum
1164 2528 1205 2581 sic

306 2612 339 2663 36
352 2613 449 2661 centra
460 2608 573 2657 seueetu
597 2622 640 2655 mi.
681 2602 819 2655 Habenda
831 2605 903 2655 intio
915 2604 1085 2661 valetudinis
1097 2630 1104 2673 ;
1125 2618 1204 2667 uten.

351 2696 418 2748 ilum
431 2691 678 2745 exercitati-»uilius
691 2688 824 2753 modicis;
843 2695 953 2743 tantum
966 2692 1022 2745 cibi
1040 2700 1070 2747 et
1081 2700 1205 2765 petioni,

351 2781 550 2841 adhibendum,
579 2784 609 2831 ut
633 2778 793 2831 reficientur
817 2778 899 2845 vires,
921 2796 978 2833 uon
998 2784 1199 2851 opprimantur.

350 2870 410 2925 Nee
422 2886 489 2921 vere
501 2866 609 2933 serpsi
621 2865 674 2917 soli
685 2866 909 2919 subveniendum
921 2872 972 2933 est,
993 2870 1044 2923 sed
1062 2874 1150 2925 menti
1161 2882 1204 2928 st-

349 2976 405 3031 que
415 2956 510 3011 animo
520 2954 611 3007 multe
626 2954 732 3022 magis:
751 2970 816 3005 num
833 2952 903 3007 buce
922 2970 1043 3026 quoque,
1057 2959 1113 3011 nisi
1133 2966 1204 3015 tam.
