2528 3474
440 342 510 381 curo
528 343 632 382 uisos„
910 327 946 386 79

88 470 139 523 bar
151 470 322 536 existimans,
333 487 390 522 non
400 471 584 538 longinquum
597 470 671 522 inter
685 489 735 523 nos
748 470 902 539 digressum
916 475 944 524 et

86 559 240 612 discessum
260 558 326 611 fore.
368 558 422 610 His
444 559 513 610 mihi
535 560 626 624 rebus,
643 559 744 626 Scipi0‚
762 559 791 611 id
815 560 890 612 enirn
916 565 944 612 te
958 561 990 612 86

86 665 152 700 cum
173 647 268 700 Laelio
287 648 417 699 admirari
431 648 519 700 solere
540 649 643 711 dixisti,
661 649 730 701 levis
749 654 791 701 est
816 655 945 701 senectus

86 754 140 788 nec
152 735 242 788 solum
256 753 312 787 non
325 735 450 801 molesta,
465 736 613 788 sedetiam
625 737 757 803 jucunde.
783 736 865 801 Quod
878 738 901 788 si
915 738 943 788 in

86 824 140 876 hoc
152 841 223 887 erro,
239 823 315 890 quod
327 824 435 875 animos
448 823 593 875 hominurn
615 823 785 876 immortales
808 843 867 877 esse
888 843 944 877 cre-

86 911 162 976 dam,
174 910 304 962 lubenter
316 927 378 962 erro
390 929 396 973 ;
416 927 466 962 nec
476 911 545 962 mihi
558 912 632 962 hunc
646 928 776 974 errorem,
787 928 843 978 quo
856 912 944 964 delec-

86 1005 141 1065 tor,
157 999 224 1050 dum
238 999 301 1049 vivo
314 998 473 1066 extorqueri
485 999 561 1050 volo:
576 1000 619 1050 sin
634 1004 769 1063 mortuus,
787 1004 818 1050 ut
831 999 944 1067 quidam

87 1087 192 1139 minuti
210 1086 369 1154 philosophi
390 1091 512 1148 censent,
530 1087 600 1138 nihil
622 1088 750 1151 sentiam,
767 1104 823 1138 non
845 1105 945 1139 vereor

87 1174 213 1228 nehunc
234 1192 355 1226 errorem
377 1191 468 1227 meum
491 1175 594 1226 mortui
617 1174 775 1242 philosophi
798 1175 940 1227 irrideant.

86 1262 171 1329 Quod
183 1263 277 1315 sinon
289 1280 385 1314 sumus
397 1263 568 1314 immortales
582 1264 680 1325 futuri,
697 1267 792 1314 tamen
805 1263 944 1328 exstingui

86 1353 197 1405 homini
210 1369 260 1403 suo
273 1355 399 1418 tempore
412 1352 534 1418 optabile
554 1356 602 1403 est.
644 1350 717 1402 Nam
737 1350 823 1402 habet
846 1356 945 1404 natura

86 1445 120 1492 ut
132 1439 252 1492 aliarum
265 1437 389 1488 omnium
402 1454 493 1488 reruni
509 1437 547 1488 sic
560 1436 673 1488 vivendi
686 1436 808 1488 modum.
845 1437 944 1490 Senec-

86 1534 134 1581 tus
147 1532 244 1579 autem
257 1525 355 1577 aetatis
369 1528 411 1576 cst
423 1524 546 1592 peractio
558 1530 700 1592 tamquam
720 1524 830 1577 fabulae
842 1545 848 1586 ;
868 1526 948 1594 cujus

86 1613 321 1681 defatigationem
341 1611 438 1679 fugere
459 1610 601 1675 debemus,
627 1613 790 1679 praesertim
812 1613 946 1681 adjuncta

85 1702 229 1755 satietate.
238 1698 349 1751 -Haec
362 1698 446 1750 habui
461 1697 495 1750 de
508 1703 652 1751 senectute
665 1716 736 1766 quae
748 1700 870 1752 dicerem
885 1717 890 1752 ε
910 1700 946 1752 ad

84 1806 172 1859 qnam
189 1788 297 1840 utinum
312 1786 499 1854 perveniatis!
520 1790 551 1837 ut
565 1804 604 1851 cu,
621 1803 692 1854 qune
712 1805 746 1839 ex
759 1805 803 1840 inc
815 1786 943 1853 audistis,

85 1896 118 1931 re
131 1875 244 1945 experti
256 1875 373 1944 probare
387 1874 506 1943 possitis.
